INPUT:idx	INPUT:toxic_comment	INPUT:task1_suite_id	INPUT:neutral_comment	INPUT:training_counter	OUTPUT:is_match	GOLDEN:is_match	HINT:text	HINT:default_language	ASSIGNMENT:link	ASSIGNMENT:task_id	ASSIGNMENT:assignment_id	ASSIGNMENT:task_suite_id	ASSIGNMENT:worker_id	ASSIGNMENT:status	ASSIGNMENT:started	ASSIGNMENT:submitted	ASSIGNMENT:accepted	ASSIGNMENT:reward
160	такого долбоебизма как в киеве не будет	1	такого, как в киеве, не будет.	198	false				https://platform.toloka.ai/task/41793355/00027db74b--652c758e9404dc38e65bc5bf	00027db74b--652c72bba8ebdc7126d23fa7	00027db74b--652c758e9404dc38e65bc5bf	00027db74b--652c758e9404dc38e65bc5bc	d171b547bedef18946541e2a2a6ff829	APPROVED	2023-10-15T23:28:14.348	2023-10-15T23:28:55.483	2023-10-15T23:28:55.483	0.0300000000
455	ты знаешь что с тобой будет сучка	1	ты знаешь что с тобой будет	717	true				https://platform.toloka.ai/task/41793355/00027db74b--652c758e9404dc38e65bc5bf	00027db74b--652c72bda8ebdc7126d2423b	00027db74b--652c758e9404dc38e65bc5bf	00027db74b--652c758e9404dc38e65bc5bc	d171b547bedef18946541e2a2a6ff829	APPROVED	2023-10-15T23:28:14.348	2023-10-15T23:28:55.483	2023-10-15T23:28:55.483	0.0300000000
13	глупышка! сильный пол, это ты! как вы заебали на странице!!! наебись ты наконец. сколько можно.	control	Сильный пол - это ты! Как вы надоели на этой странице.	190	false	true			https://platform.toloka.ai/task/41793355/00027db74b--652c758e9404dc38e65bc5bf	00027db74b--652c722467632923dd5e677a	00027db74b--652c758e9404dc38e65bc5bf	00027db74b--652c758e9404dc38e65bc5bc	d171b547bedef18946541e2a2a6ff829	APPROVED	2023-10-15T23:28:14.348	2023-10-15T23:28:55.483	2023-10-15T23:28:55.483	0.0300000000
14	Говорят что обиженных в жопу долбят, но это не точно	control	Говорят на обиженных воду возят	577	false	true			https://platform.toloka.ai/task/41793355/00027db74b--652c78564f14b96d9b216966	00027db74b--652c722467632923dd5e677d	00027db74b--652c78564f14b96d9b216966	00027db74b--652c78564f14b96d9b216963	b51afd604b2e049089091c4af167dfc6	APPROVED	2023-10-15T23:40:06.415	2023-10-15T23:41:02.092	2023-10-15T23:41:02.092	0.0300000000
91	в идеале, их бы просто пристрелить! но об этом (как у жванецкого!) остаётся только мечтать!	1	в идеале, их бы просто убрать! но об этом (как у жванецкого!) остаётся только мечтать!	93	true				https://platform.toloka.ai/task/41793355/00027db74b--652c78564f14b96d9b216966	00027db74b--652c72bba8ebdc7126d23efc	00027db74b--652c78564f14b96d9b216966	00027db74b--652c78564f14b96d9b216963	b51afd604b2e049089091c4af167dfc6	APPROVED	2023-10-15T23:40:06.415	2023-10-15T23:41:02.092	2023-10-15T23:41:02.092	0.0300000000
410	....эта сука должна давно сдохнуть как собака бешеная, в первую очередь в умах советских людей	1	Этот человек уже давно должен умереть в первую очередь в умах советских людей	765	true				https://platform.toloka.ai/task/41793355/00027db74b--652c78564f14b96d9b216966	00027db74b--652c72bda8ebdc7126d241d7	00027db74b--652c78564f14b96d9b216966	00027db74b--652c78564f14b96d9b216963	b51afd604b2e049089091c4af167dfc6	APPROVED	2023-10-15T23:40:06.415	2023-10-15T23:41:02.092	2023-10-15T23:41:02.092	0.0300000000
410	....эта сука должна давно сдохнуть как собака бешеная, в первую очередь в умах советских людей	1	Этот человек уже давно должен умереть в первую очередь в умах советских людей	765	true				https://platform.toloka.ai/task/41793355/00027db74b--652c788767632923dd5fb767	00027db74b--652c72bda8ebdc7126d241d7	00027db74b--652c788767632923dd5fb767	00027db74b--652c788767632923dd5fb74e	dc20772406694ce5e8feae1620d26561	APPROVED	2023-10-15T23:40:55.383	2023-10-15T23:42:01.380	2023-10-15T23:42:01.380	0.0300000000
0	афигеть сколько придурков которые верят😂😂😂😂	control	С ума сойти, сколько наивных людей верят!	566	true	true			https://platform.toloka.ai/task/41793355/00027db74b--652c788767632923dd5fb767	00027db74b--652c722467632923dd5e675f	00027db74b--652c788767632923dd5fb767	00027db74b--652c788767632923dd5fb74e	dc20772406694ce5e8feae1620d26561	APPROVED	2023-10-15T23:40:55.383	2023-10-15T23:42:01.380	2023-10-15T23:42:01.380	0.0300000000
91	в идеале, их бы просто пристрелить! но об этом (как у жванецкого!) остаётся только мечтать!	1	в идеале, их бы просто убрать! но об этом (как у жванецкого!) остаётся только мечтать!	93	true				https://platform.toloka.ai/task/41793355/00027db74b--652c788767632923dd5fb767	00027db74b--652c72bba8ebdc7126d23efc	00027db74b--652c788767632923dd5fb767	00027db74b--652c788767632923dd5fb74e	dc20772406694ce5e8feae1620d26561	APPROVED	2023-10-15T23:40:55.383	2023-10-15T23:42:01.380	2023-10-15T23:42:01.380	0.0300000000
760	жополиз путинский тварь продажная ему на россию плевать простые люди для наго ничто	1	Ему на Россию всеравно, простые люди для него никто	685	true				https://platform.toloka.ai/task/41793355/00027db74b--652c78ca9404dc38e65c5f9a	00027db74b--652c72bfa8ebdc7126d24524	00027db74b--652c78ca9404dc38e65c5f9a	00027db74b--652c78ca9404dc38e65c5f97	dc20772406694ce5e8feae1620d26561	APPROVED	2023-10-15T23:42:02.699	2023-10-15T23:43:09.566	2023-10-15T23:43:09.566	0.0300000000
18	да не женщины виноваты это мужики уроды сейчас пошли	control	Не женщины виноваты, а мужчины сейчас такие.	405	true	true			https://platform.toloka.ai/task/41793355/00027db74b--652c78ca9404dc38e65c5f9a	00027db74b--652c722467632923dd5e6786	00027db74b--652c78ca9404dc38e65c5f9a	00027db74b--652c78ca9404dc38e65c5f97	dc20772406694ce5e8feae1620d26561	APPROVED	2023-10-15T23:42:02.699	2023-10-15T23:43:09.566	2023-10-15T23:43:09.566	0.0300000000
578	Всё правильно делают! Если русские терпилы и куколды, то хоть якуты мамбетов на место поставят.	1	Всë правильно! Если русские терпят, то хоть якуты мамбетов смогут поставить на место.	393	true				https://platform.toloka.ai/task/41793355/00027db74b--652c78ca9404dc38e65c5f9a	00027db74b--652c72bea8ebdc7126d2434f	00027db74b--652c78ca9404dc38e65c5f9a	00027db74b--652c78ca9404dc38e65c5f97	dc20772406694ce5e8feae1620d26561	APPROVED	2023-10-15T23:42:02.699	2023-10-15T23:43:09.566	2023-10-15T23:43:09.566	0.0300000000
52	ясен хуй!!!с какого он должен снижаться то...куда нахуй маски со своего заводика продавать будет!!!мрази!!!ни дна вам ни покрышки!!!ублюдки!!!	1	Естественно!! Почему он должен снижаться то... Куда маски со своего заводика продавать будет!!! Ни дна вам ни покрышки!!!	272	true				https://platform.toloka.ai/task/41793355/00027db74b--652c790ea8ebdc7126d38265	00027db74b--652c72baa8ebdc7126d23e9d	00027db74b--652c790ea8ebdc7126d38265	00027db74b--652c790ea8ebdc7126d38263	dc20772406694ce5e8feae1620d26561	APPROVED	2023-10-15T23:43:10.857	2023-10-15T23:44:44.574	2023-10-15T23:44:44.574	0.0300000000
160	такого долбоебизма как в киеве не будет	1	такого, как в киеве, не будет.	198	false				https://platform.toloka.ai/task/41793355/00027db74b--652c790ea8ebdc7126d38265	00027db74b--652c72bba8ebdc7126d23fa7	00027db74b--652c790ea8ebdc7126d38265	00027db74b--652c790ea8ebdc7126d38263	dc20772406694ce5e8feae1620d26561	APPROVED	2023-10-15T23:43:10.857	2023-10-15T23:44:44.574	2023-10-15T23:44:44.574	0.0300000000
2	блядин! уходи в манастырь! замаливай грехи, заодно перестанешь трахаться.	control	Уходи в монастырь. Замаливай грехи. Заодно перестанешь заниматься сексом.	120	true	true			https://platform.toloka.ai/task/41793355/00027db74b--652c790ea8ebdc7126d38265	00027db74b--652c722467632923dd5e6763	00027db74b--652c790ea8ebdc7126d38265	00027db74b--652c790ea8ebdc7126d38263	dc20772406694ce5e8feae1620d26561	APPROVED	2023-10-15T23:43:10.857	2023-10-15T23:44:44.574	2023-10-15T23:44:44.574	0.0300000000
56	как вы суки хочете чтоб россия напала и завоевала, чтоб вас тварей потом кормить.	1	как вы хотите, чтобы Россия напала и завоевала, чтоб вас потом кормить.	877	true				https://platform.toloka.ai/task/41793355/00027db74b--652c796f4f14b96d9b21a410	00027db74b--652c72baa8ebdc7126d23ea6	00027db74b--652c796f4f14b96d9b21a410	00027db74b--652c796f4f14b96d9b21a40b	dc20772406694ce5e8feae1620d26561	APPROVED	2023-10-15T23:44:47.240	2023-10-15T23:46:54.567	2023-10-15T23:46:54.567	0.0300000000
40	остальная страна ссыкуны и быдло.	control	остальные страны плохие	235	false	false			https://platform.toloka.ai/task/41793355/00027db74b--652c796f4f14b96d9b21a410	00027db74b--652c722467632923dd5e67ba	00027db74b--652c796f4f14b96d9b21a410	00027db74b--652c796f4f14b96d9b21a40b	dc20772406694ce5e8feae1620d26561	APPROVED	2023-10-15T23:44:47.240	2023-10-15T23:46:54.567	2023-10-15T23:46:54.567	0.0300000000
332	не наша, а твоя ( дибильная)	1	Не наша, а твоя!	196	false				https://platform.toloka.ai/task/41793355/00027db74b--652c796f4f14b96d9b21a410	00027db74b--652c72bca8ebdc7126d24121	00027db74b--652c796f4f14b96d9b21a410	00027db74b--652c796f4f14b96d9b21a40b	dc20772406694ce5e8feae1620d26561	APPROVED	2023-10-15T23:44:47.240	2023-10-15T23:46:54.567	2023-10-15T23:46:54.567	0.0300000000
12	вырвать руки ублюдкам, а родителям огромный штраф	control	Их нужно наказать. На родителей наложить большой штраф.	313	true	true			https://platform.toloka.ai/task/41793355/00027db74b--652c79f0e013ff63cfef1080	00027db74b--652c722467632923dd5e6778	00027db74b--652c79f0e013ff63cfef1080	00027db74b--652c79f0e013ff63cfef1078	dc20772406694ce5e8feae1620d26561	APPROVED	2023-10-15T23:46:56.093	2023-10-15T23:47:45.531	2023-10-15T23:47:45.531	0.0300000000
144	осторожно мошенники,эта тварь гуляет по интернету и обманывает людей,этот товар белорусской фабрики и стоит он от 4000 руб.	1	осторожно мошенники,эти люди  гуляют по интернету и обманывают людей,этот товар белорусской фабрики и стоит он от 4000 руб.	974	true				https://platform.toloka.ai/task/41793355/00027db74b--652c79f0e013ff63cfef1080	00027db74b--652c72bba8ebdc7126d23f86	00027db74b--652c79f0e013ff63cfef1080	00027db74b--652c79f0e013ff63cfef1078	dc20772406694ce5e8feae1620d26561	APPROVED	2023-10-15T23:46:56.093	2023-10-15T23:47:45.531	2023-10-15T23:47:45.531	0.0300000000
364	тварь кинула в чёрный список а теперь подарки шлёшь, блядина	1	Кинула в черный список, а теперь подарки шлёшь	797	true				https://platform.toloka.ai/task/41793355/00027db74b--652c79f0e013ff63cfef1080	00027db74b--652c72bda8ebdc7126d24164	00027db74b--652c79f0e013ff63cfef1080	00027db74b--652c79f0e013ff63cfef1078	dc20772406694ce5e8feae1620d26561	APPROVED	2023-10-15T23:46:56.093	2023-10-15T23:47:45.531	2023-10-15T23:47:45.531	0.0300000000
8	внатури пидор по другому не назовешь	control	Этого человека сложно назвать цензурным словом	455	true	true			https://platform.toloka.ai/task/41793355/00027db74b--652c7a234f14b96d9b21c552	00027db74b--652c722467632923dd5e676e	00027db74b--652c7a234f14b96d9b21c552	00027db74b--652c7a234f14b96d9b21c550	dc20772406694ce5e8feae1620d26561	APPROVED	2023-10-15T23:47:47.555	2023-10-15T23:48:53.199	2023-10-15T23:48:53.199	0.0300000000
251	проёбаное поколение 90-х мы то как раз выживем а вот вы заморыши просто отребье	1	Поколение 90х мы то как раз выживет а вот вы	906	true				https://platform.toloka.ai/task/41793355/00027db74b--652c7a234f14b96d9b21c552	00027db74b--652c72bca8ebdc7126d2406e	00027db74b--652c7a234f14b96d9b21c552	00027db74b--652c7a234f14b96d9b21c550	dc20772406694ce5e8feae1620d26561	APPROVED	2023-10-15T23:47:47.555	2023-10-15T23:48:53.199	2023-10-15T23:48:53.199	0.0300000000
455	ты знаешь что с тобой будет сучка	1	ты знаешь что с тобой будет	717	false				https://platform.toloka.ai/task/41793355/00027db74b--652c7a234f14b96d9b21c552	00027db74b--652c72bda8ebdc7126d2423b	00027db74b--652c7a234f14b96d9b21c552	00027db74b--652c7a234f14b96d9b21c550	dc20772406694ce5e8feae1620d26561	APPROVED	2023-10-15T23:47:47.555	2023-10-15T23:48:53.199	2023-10-15T23:48:53.199	0.0300000000
28	гнида конченая,стишки читать был орлом,а сейчас, когда надо отвечать,стал крысой, падаль а не мужик.слава богу, отец этого не узнает.	control	Раньше словр	881	false	false			https://platform.toloka.ai/task/41793355/00027db74b--652c7a689404dc38e65cb4dc	00027db74b--652c722467632923dd5e679e	00027db74b--652c7a689404dc38e65cb4dc	00027db74b--652c7a689404dc38e65cb4da	dc20772406694ce5e8feae1620d26561	APPROVED	2023-10-15T23:48:56.205	2023-10-15T23:50:46.506	2023-10-15T23:50:46.506	0.0300000000
545	да, номера наши по ходу. а вот то что наши чмошники перенимают всёдозволеность как у матрасников, это не отнять.	1	да, номера наши по ходу. а вот то что наши  перенимают всёдозволеность как у матрасников, это не отнять.	310	true				https://platform.toloka.ai/task/41793355/00027db74b--652c7a689404dc38e65cb4dc	00027db74b--652c72bea8ebdc7126d24308	00027db74b--652c7a689404dc38e65cb4dc	00027db74b--652c7a689404dc38e65cb4da	dc20772406694ce5e8feae1620d26561	APPROVED	2023-10-15T23:48:56.205	2023-10-15T23:50:46.506	2023-10-15T23:50:46.506	0.0300000000
1	а ты чмо там был.ты вообще служил.гандон	1	А ты там был? Ты вообще служил?	423	true				https://platform.toloka.ai/task/41793355/00027db74b--652c7a689404dc38e65cb4dc	00027db74b--652c72baa8ebdc7126d23e2c	00027db74b--652c7a689404dc38e65cb4dc	00027db74b--652c7a689404dc38e65cb4da	dc20772406694ce5e8feae1620d26561	APPROVED	2023-10-15T23:48:56.205	2023-10-15T23:50:46.506	2023-10-15T23:50:46.506	0.0300000000
710	еще бы в октябре блядь открыл придурок .	1	Ещё бы в октябре открыл	581	true				https://platform.toloka.ai/task/41793355/00027db74b--652c7ad84f14b96d9b21edf0	00027db74b--652c72bfa8ebdc7126d244ba	00027db74b--652c7ad84f14b96d9b21edf0	00027db74b--652c7ad84f14b96d9b21eded	dc20772406694ce5e8feae1620d26561	APPROVED	2023-10-15T23:50:48.527	2023-10-15T23:51:57.858	2023-10-15T23:51:57.858	0.0300000000
32	дурачка , это же не купальник , а блядский наряд .	control	Это же не купальник, а что ни на есть наряд.	669	false	false			https://platform.toloka.ai/task/41793355/00027db74b--652c7ad84f14b96d9b21edf0	00027db74b--652c722467632923dd5e67a6	00027db74b--652c7ad84f14b96d9b21edf0	00027db74b--652c7ad84f14b96d9b21eded	dc20772406694ce5e8feae1620d26561	APPROVED	2023-10-15T23:50:48.527	2023-10-15T23:51:57.858	2023-10-15T23:51:57.858	0.0300000000
368	и не слушать всякое блядво западенское .	1	и не слушать всякие речи западные	670	true				https://platform.toloka.ai/task/41793355/00027db74b--652c7ad84f14b96d9b21edf0	00027db74b--652c72bda8ebdc7126d2416c	00027db74b--652c7ad84f14b96d9b21edf0	00027db74b--652c7ad84f14b96d9b21eded	dc20772406694ce5e8feae1620d26561	APPROVED	2023-10-15T23:50:48.527	2023-10-15T23:51:57.858	2023-10-15T23:51:57.858	0.0300000000
406	надо как в саудовской аравии голову отрубить при честном народе ублюдку я убежден что он пьяный был сволочь ...	1	надо как в саудовской аравии наказать при честном народе, я убежден что он пьяный был	768	true				https://platform.toloka.ai/task/41793355/00027db74b--652c7b1f67632923dd60773e	00027db74b--652c72bda8ebdc7126d241cf	00027db74b--652c7b1f67632923dd60773e	00027db74b--652c7b1f67632923dd607732	dc20772406694ce5e8feae1620d26561	APPROVED	2023-10-15T23:51:59.624	2023-10-15T23:52:56.429	2023-10-15T23:52:56.429	0.0320000000
153	вот был талант неспорю! а сейчас понобрали хуеплетов деньги платят а хули толку!	1	Вот это был бесспорный талант! А не то что сейчас, работают ради денег.	453	true				https://platform.toloka.ai/task/41793355/00027db74b--652c7b1f67632923dd60773e	00027db74b--652c72bba8ebdc7126d23f98	00027db74b--652c7b1f67632923dd60773e	00027db74b--652c7b1f67632923dd607732	dc20772406694ce5e8feae1620d26561	APPROVED	2023-10-15T23:51:59.624	2023-10-15T23:52:56.429	2023-10-15T23:52:56.429	0.0320000000
35	за што судить за то чтоза себя постояла,этим тварям надо отрезать мужское достоинство и на зону,	control	Судить по закону или отдать на самосуд	225	false	false			https://platform.toloka.ai/task/41793355/00027db74b--652c7b1f67632923dd60773e	00027db74b--652c722467632923dd5e67ad	00027db74b--652c7b1f67632923dd60773e	00027db74b--652c7b1f67632923dd607732	dc20772406694ce5e8feae1620d26561	APPROVED	2023-10-15T23:51:59.624	2023-10-15T23:52:56.429	2023-10-15T23:52:56.429	0.0320000000
213	...или пиздабольши , скорее всего !	1	или вруньи скорее всего	388	true				https://platform.toloka.ai/task/41793355/00027db74b--652c7b5ca8ebdc7126d3f3c0	00027db74b--652c72bca8ebdc7126d24020	00027db74b--652c7b5ca8ebdc7126d3f3c0	00027db74b--652c7b5ca8ebdc7126d3f3b9	dc20772406694ce5e8feae1620d26561	APPROVED	2023-10-15T23:53:00.807	2023-10-15T23:53:31.671	2023-10-15T23:53:31.671	0.0320000000
391	а у вовочки такая блядская семейка, что взяли хрен вернут:d	1	А у вовочки такая семейка, что взяли не вернут	368	true				https://platform.toloka.ai/task/41793355/00027db74b--652c7b5ca8ebdc7126d3f3c0	00027db74b--652c72bda8ebdc7126d2419a	00027db74b--652c7b5ca8ebdc7126d3f3c0	00027db74b--652c7b5ca8ebdc7126d3f3b9	dc20772406694ce5e8feae1620d26561	APPROVED	2023-10-15T23:53:00.807	2023-10-15T23:53:31.671	2023-10-15T23:53:31.671	0.0320000000
27	выселить суку из крыма. но не в россию.	control	Но не в Россию	674	false	false			https://platform.toloka.ai/task/41793355/00027db74b--652c7b5ca8ebdc7126d3f3c0	00027db74b--652c722467632923dd5e679c	00027db74b--652c7b5ca8ebdc7126d3f3c0	00027db74b--652c7b5ca8ebdc7126d3f3b9	dc20772406694ce5e8feae1620d26561	APPROVED	2023-10-15T23:53:00.807	2023-10-15T23:53:31.671	2023-10-15T23:53:31.671	0.0320000000
266	В мясе нет крови, тупая пидораха	1	В мясе нет крови	726	true				https://platform.toloka.ai/task/41793355/00027db74b--652c7b7d67632923dd608876	00027db74b--652c72bca8ebdc7126d2408e	00027db74b--652c7b7d67632923dd608876	00027db74b--652c7b7d67632923dd608871	dc20772406694ce5e8feae1620d26561	APPROVED	2023-10-15T23:53:33.258	2023-10-15T23:54:25.856	2023-10-15T23:54:25.856	0.0320000000
114	да ты бабуля уже всем нахамила, кому только было возможно. это твой образ жизни, быдлячий. искренне сочувствую домашним.	1	Бабушка, Вы уже всем нахамили, кому только было возможно. Это Ваш образ жизни, искренне сочувствую домашним.	55	true				https://platform.toloka.ai/task/41793355/00027db74b--652c7b7d67632923dd608876	00027db74b--652c72bba8ebdc7126d23f44	00027db74b--652c7b7d67632923dd608876	00027db74b--652c7b7d67632923dd608871	dc20772406694ce5e8feae1620d26561	APPROVED	2023-10-15T23:53:33.258	2023-10-15T23:54:25.856	2023-10-15T23:54:25.856	0.0320000000
16	Да кому нужна твоя страница и пд? Пост бредовой паранои	control	Никому твоя страница не нужна.	863	true	true			https://platform.toloka.ai/task/41793355/00027db74b--652c7b7d67632923dd608876	00027db74b--652c722467632923dd5e6781	00027db74b--652c7b7d67632923dd608876	00027db74b--652c7b7d67632923dd608871	dc20772406694ce5e8feae1620d26561	APPROVED	2023-10-15T23:53:33.258	2023-10-15T23:54:25.856	2023-10-15T23:54:25.856	0.0320000000
22	а мы просим тебя иди нахуй	1	А мы просим Тебя уйти	864	true				https://platform.toloka.ai/task/41793355/00027db74b--652c7bb367632923dd6092e9	00027db74b--652c72baa8ebdc7126d23e58	00027db74b--652c7bb367632923dd6092e9	00027db74b--652c7bb367632923dd6092e5	dc20772406694ce5e8feae1620d26561	APPROVED	2023-10-15T23:54:27.813	2023-10-15T23:55:05.912	2023-10-15T23:55:05.912	0.0320000000
9	все бухают, но не все же пидарасы!?!?	control	Все пьют, но не все же плохие	746	true	true			https://platform.toloka.ai/task/41793355/00027db74b--652c7bb367632923dd6092e9	00027db74b--652c722467632923dd5e6770	00027db74b--652c7bb367632923dd6092e9	00027db74b--652c7bb367632923dd6092e5	dc20772406694ce5e8feae1620d26561	APPROVED	2023-10-15T23:54:27.813	2023-10-15T23:55:05.912	2023-10-15T23:55:05.912	0.0320000000
787	учителю заплатили что бы ублюдок во второй класс не попал	1	Учителю заплатили чтобы он во второй класс не попал	887	true				https://platform.toloka.ai/task/41793355/00027db74b--652c7bb367632923dd6092e9	00027db74b--652c72c0a8ebdc7126d2455d	00027db74b--652c7bb367632923dd6092e9	00027db74b--652c7bb367632923dd6092e5	dc20772406694ce5e8feae1620d26561	APPROVED	2023-10-15T23:54:27.813	2023-10-15T23:55:05.912	2023-10-15T23:55:05.912	0.0320000000
33	женишок то мой тут гад	control	Жених тут мой	408	false	false			https://platform.toloka.ai/task/41793355/00027db74b--652c7bdba8ebdc7126d41024	00027db74b--652c722467632923dd5e67a8	00027db74b--652c7bdba8ebdc7126d41024	00027db74b--652c7bdba8ebdc7126d4101c	dc20772406694ce5e8feae1620d26561	APPROVED	2023-10-15T23:55:07.588	2023-10-15T23:56:01.535	2023-10-15T23:56:01.535	0.0320000000
399	Когда чмо начинает кукарекать про отсутствие прогресса - он тупо занимается софистикой ради софистики	1	Когда человек начинает говорить про отсутствие прогресса - он занимается софистикой ради софистики	240	true				https://platform.toloka.ai/task/41793355/00027db74b--652c7bdba8ebdc7126d41024	00027db74b--652c72bda8ebdc7126d241ac	00027db74b--652c7bdba8ebdc7126d41024	00027db74b--652c7bdba8ebdc7126d4101c	dc20772406694ce5e8feae1620d26561	APPROVED	2023-10-15T23:55:07.588	2023-10-15T23:56:01.535	2023-10-15T23:56:01.535	0.0320000000
298	какой идиот это составил? а я еще больший идиот, поскольку отвлекаюсь на эту ху..ю!	1	Кто вообще это составил? а я еще неразумнее, поскольку отвлекаюсь на эту чепуху!	506	true				https://platform.toloka.ai/task/41793355/00027db74b--652c7bdba8ebdc7126d41024	00027db74b--652c72bca8ebdc7126d240cf	00027db74b--652c7bdba8ebdc7126d41024	00027db74b--652c7bdba8ebdc7126d4101c	dc20772406694ce5e8feae1620d26561	APPROVED	2023-10-15T23:55:07.588	2023-10-15T23:56:01.535	2023-10-15T23:56:01.535	0.0320000000
404	жируют твари и над народом издеваются.	1	Хорошо живут и над народом издеваются.	616	true				https://platform.toloka.ai/task/41793355/00027db74b--652c7c134f14b96d9b222974	00027db74b--652c72bda8ebdc7126d241ca	00027db74b--652c7c134f14b96d9b222974	00027db74b--652c7c134f14b96d9b222970	dc20772406694ce5e8feae1620d26561	APPROVED	2023-10-15T23:56:03.153	2023-10-15T23:56:57.636	2023-10-15T23:56:57.636	0.0320000000
20	да кто вас спрашивать то будет. а лизунов засунуть туда где они лизали.	control	Вашим мнением никто не интересуется	66	true	true			https://platform.toloka.ai/task/41793355/00027db74b--652c7c134f14b96d9b222974	00027db74b--652c722467632923dd5e678b	00027db74b--652c7c134f14b96d9b222974	00027db74b--652c7c134f14b96d9b222970	dc20772406694ce5e8feae1620d26561	APPROVED	2023-10-15T23:56:03.153	2023-10-15T23:56:57.636	2023-10-15T23:56:57.636	0.0320000000
375	одессу никто не забыл выродок свинявый	1	одессу никто не забыл	787	true				https://platform.toloka.ai/task/41793355/00027db74b--652c7c134f14b96d9b222974	00027db74b--652c72bda8ebdc7126d2417a	00027db74b--652c7c134f14b96d9b222974	00027db74b--652c7c134f14b96d9b222970	dc20772406694ce5e8feae1620d26561	APPROVED	2023-10-15T23:56:03.153	2023-10-15T23:56:57.636	2023-10-15T23:56:57.636	0.0320000000
13	глупышка! сильный пол, это ты! как вы заебали на странице!!! наебись ты наконец. сколько можно.	control	Сильный пол - это ты! Как вы надоели на этой странице.	190	true	true			https://platform.toloka.ai/task/41793355/00027db74b--652c7c4d4f14b96d9b2237e0	00027db74b--652c722467632923dd5e677a	00027db74b--652c7c4d4f14b96d9b2237e0	00027db74b--652c7c4c4f14b96d9b2237ce	dc20772406694ce5e8feae1620d26561	APPROVED	2023-10-15T23:57:01.049	2023-10-15T23:59:00.703	2023-10-15T23:59:00.703	0.0320000000
371	вы прежде чем такую хуйню выкладывать хоть сами то достоверность инфы проверяйте, а не играйте в сломанный телефон.	1	вы прежде чем такое выкладывать хоть сами то достоверность инфы проверяйте, а не играйте в сломанный телефон.	378	true				https://platform.toloka.ai/task/41793355/00027db74b--652c7c4d4f14b96d9b2237e0	00027db74b--652c72bda8ebdc7126d24172	00027db74b--652c7c4d4f14b96d9b2237e0	00027db74b--652c7c4c4f14b96d9b2237ce	dc20772406694ce5e8feae1620d26561	APPROVED	2023-10-15T23:57:01.049	2023-10-15T23:59:00.703	2023-10-15T23:59:00.703	0.0320000000
431	америка за бугром их в месте с выводком за яйца давно держит	1	америка за бугром их всех месте с детьми в узде давно держит	778	true				https://platform.toloka.ai/task/41793355/00027db74b--652c7c4d4f14b96d9b2237e0	00027db74b--652c72bda8ebdc7126d2420b	00027db74b--652c7c4d4f14b96d9b2237e0	00027db74b--652c7c4c4f14b96d9b2237ce	dc20772406694ce5e8feae1620d26561	APPROVED	2023-10-15T23:57:01.049	2023-10-15T23:59:00.703	2023-10-15T23:59:00.703	0.0320000000
738	такие же чувства пидоры эти спортсмены как и наши, которые в думе сидят.	1	Такие же чувства ,плохие эти спортсмены,как и наши,которые в думе сидят	140	true				https://platform.toloka.ai/task/41793355/00027db74b--652c7cc667632923dd60cec1	00027db74b--652c72bfa8ebdc7126d244f8	00027db74b--652c7cc667632923dd60cec1	00027db74b--652c7cc667632923dd60ceb5	dc20772406694ce5e8feae1620d26561	APPROVED	2023-10-15T23:59:02.159	2023-10-15T23:59:35.739	2023-10-15T23:59:35.739	0.0320000000
1	блин в каком говне мы находимся.	control	мы находимся в весьма печальном положении	423	true	true			https://platform.toloka.ai/task/41793355/00027db74b--652c7cc667632923dd60cec1	00027db74b--652c722467632923dd5e6761	00027db74b--652c7cc667632923dd60cec1	00027db74b--652c7cc667632923dd60ceb5	dc20772406694ce5e8feae1620d26561	APPROVED	2023-10-15T23:59:02.159	2023-10-15T23:59:35.739	2023-10-15T23:59:35.739	0.0320000000
376	вы блять сперва старых садиков проверьте,	1	Вы сперва старых садиков проверьте	21	true				https://platform.toloka.ai/task/41793355/00027db74b--652c7cc667632923dd60cec1	00027db74b--652c72bda8ebdc7126d2417c	00027db74b--652c7cc667632923dd60cec1	00027db74b--652c7cc667632923dd60ceb5	dc20772406694ce5e8feae1620d26561	APPROVED	2023-10-15T23:59:02.159	2023-10-15T23:59:35.739	2023-10-15T23:59:35.739	0.0320000000
105	блдь ... слов не хватает. вы о чём?	1	Слов не хватает о чем вы	158	true				https://platform.toloka.ai/task/41793355/00027db74b--652c7ce94f14b96d9b2255c3	00027db74b--652c72bba8ebdc7126d23f2f	00027db74b--652c7ce94f14b96d9b2255c3	00027db74b--652c7ce94f14b96d9b2255bd	dc20772406694ce5e8feae1620d26561	APPROVED	2023-10-15T23:59:37.305	2023-10-16T00:00:29.095	2023-10-16T00:00:29.095	0.0320000000
512	зато у нас в россии все за путина за пидораса этого и все ему поклоняются	1	Зато у нас в России все за Путина, народ очень уважает своего президента.	712	false				https://platform.toloka.ai/task/41793355/00027db74b--652c7ce94f14b96d9b2255c3	00027db74b--652c72bea8ebdc7126d242bd	00027db74b--652c7ce94f14b96d9b2255c3	00027db74b--652c7ce94f14b96d9b2255bd	dc20772406694ce5e8feae1620d26561	APPROVED	2023-10-15T23:59:37.305	2023-10-16T00:00:29.095	2023-10-16T00:00:29.095	0.0320000000
38	классно фигура до утра трахнул был 🤟	control	классно фигура до утра	205	false	false			https://platform.toloka.ai/task/41793355/00027db74b--652c7ce94f14b96d9b2255c3	00027db74b--652c722467632923dd5e67b4	00027db74b--652c7ce94f14b96d9b2255c3	00027db74b--652c7ce94f14b96d9b2255bd	dc20772406694ce5e8feae1620d26561	APPROVED	2023-10-15T23:59:37.305	2023-10-16T00:00:29.095	2023-10-16T00:00:29.095	0.0320000000
441	но у пидарасов все всегда через жопу	1	У них все не как у людей	252	true				https://platform.toloka.ai/task/41793355/00027db74b--652c7d20a8ebdc7126d44bd8	00027db74b--652c72bda8ebdc7126d2421f	00027db74b--652c7d20a8ebdc7126d44bd8	00027db74b--652c7d20a8ebdc7126d44bd6	dc20772406694ce5e8feae1620d26561	APPROVED	2023-10-16T00:00:32.601	2023-10-16T00:01:25.929	2023-10-16T00:01:25.929	0.0320000000
26	все бухают, но не все же пидарасы!?!?	control	все пьют, но не все же гомосексуалисты	438	true	false			https://platform.toloka.ai/task/41793355/00027db74b--652c7d20a8ebdc7126d44bd8	00027db74b--652c722467632923dd5e679a	00027db74b--652c7d20a8ebdc7126d44bd8	00027db74b--652c7d20a8ebdc7126d44bd6	dc20772406694ce5e8feae1620d26561	APPROVED	2023-10-16T00:00:32.601	2023-10-16T00:01:25.929	2023-10-16T00:01:25.929	0.0320000000
594	Ох ебать,не думал,что КОБовцы еще живы. Я думал,что они вымерли в конце 2000ых	1	Думал, что КОБовцы иссякли в конце 2000х. Удивлен	690	true				https://platform.toloka.ai/task/41793355/00027db74b--652c7d20a8ebdc7126d44bd8	00027db74b--652c72bea8ebdc7126d24372	00027db74b--652c7d20a8ebdc7126d44bd8	00027db74b--652c7d20a8ebdc7126d44bd6	dc20772406694ce5e8feae1620d26561	APPROVED	2023-10-16T00:00:32.601	2023-10-16T00:01:25.929	2023-10-16T00:01:25.929	0.0320000000
19	да он ахриневший футболист. не доигрывает но просит дохуя денег	control	Он зазнавшийся футболист. Не доигрывает, но просит колоссальных денег.	187	true	true			https://platform.toloka.ai/task/41793355/00027db74b--652c7d5767632923dd60eb16	00027db74b--652c722467632923dd5e6788	00027db74b--652c7d5767632923dd60eb16	00027db74b--652c7d5767632923dd60eb11	dc20772406694ce5e8feae1620d26561	APPROVED	2023-10-16T00:01:27.504	2023-10-16T00:02:12.940	2023-10-16T00:02:12.940	0.0300000000
210	ну и второе и самое важное для европы и пендосов	1	Ну и второе и самое важное для европы и американцев.	482	true				https://platform.toloka.ai/task/41793355/00027db74b--652c7d5767632923dd60eb16	00027db74b--652c72bca8ebdc7126d2401a	00027db74b--652c7d5767632923dd60eb16	00027db74b--652c7d5767632923dd60eb11	dc20772406694ce5e8feae1620d26561	APPROVED	2023-10-16T00:01:27.504	2023-10-16T00:02:12.940	2023-10-16T00:02:12.940	0.0300000000
697	Долго еще пропаганду тут будут пынинскую нести? Когда это блядь прекартится то??	1	Долго еще пропаганду тут будут нести? Когда это прекартится то??	652	true				https://platform.toloka.ai/task/41793355/00027db74b--652c7d5767632923dd60eb16	00027db74b--652c72bfa8ebdc7126d2446e	00027db74b--652c7d5767632923dd60eb16	00027db74b--652c7d5767632923dd60eb11	dc20772406694ce5e8feae1620d26561	APPROVED	2023-10-16T00:01:27.504	2023-10-16T00:02:12.940	2023-10-16T00:02:12.940	0.0300000000
436	вы хотите зеленского, шута гребанного, тупого?	1	Вы хотите Зеленского	960	false				https://platform.toloka.ai/task/41793355/00027db74b--652c7d869404dc38e65d4e48	00027db74b--652c72bda8ebdc7126d24215	00027db74b--652c7d869404dc38e65d4e48	00027db74b--652c7d869404dc38e65d4e45	dc20772406694ce5e8feae1620d26561	APPROVED	2023-10-16T00:02:14.362	2023-10-16T00:02:55.708	2023-10-16T00:02:55.708	0.0300000000
25	все бухают, но не все же пидарасы!?!?	control	Все пьют но не все же неформалы	610	false	false			https://platform.toloka.ai/task/41793355/00027db74b--652c7d869404dc38e65d4e48	00027db74b--652c722467632923dd5e6798	00027db74b--652c7d869404dc38e65d4e48	00027db74b--652c7d869404dc38e65d4e45	dc20772406694ce5e8feae1620d26561	APPROVED	2023-10-16T00:02:14.362	2023-10-16T00:02:55.708	2023-10-16T00:02:55.708	0.0300000000
781	как обычно пидарасы всякие уйдут от ответственности ,ну убил и убил ,как они эти суки с этим живут	1	Люди совершившие преступления снова уйдут от ответственности, как после этого они живут	74	true				https://platform.toloka.ai/task/41793355/00027db74b--652c7d869404dc38e65d4e48	00027db74b--652c72c0a8ebdc7126d2454f	00027db74b--652c7d869404dc38e65d4e48	00027db74b--652c7d869404dc38e65d4e45	dc20772406694ce5e8feae1620d26561	APPROVED	2023-10-16T00:02:14.362	2023-10-16T00:02:55.708	2023-10-16T00:02:55.708	0.0300000000
39	на украине много безмозглых пидорасов, навроде тебя😏	control	На Украине есть и хорошие люди, в отличие от тебя	772	false	false			https://platform.toloka.ai/task/41793355/00027db74b--652c7db167632923dd60fb30	00027db74b--652c722467632923dd5e67b8	00027db74b--652c7db167632923dd60fb30	00027db74b--652c7db167632923dd60fb2e	dc20772406694ce5e8feae1620d26561	APPROVED	2023-10-16T00:02:57.163	2023-10-16T00:03:53.837	2023-10-16T00:03:53.837	0.0300000000
569	бросил, гад. убить его мало.	1	Бросил, плохой человек	591	true				https://platform.toloka.ai/task/41793355/00027db74b--652c7db167632923dd60fb30	00027db74b--652c72bea8ebdc7126d2433b	00027db74b--652c7db167632923dd60fb30	00027db74b--652c7db167632923dd60fb2e	dc20772406694ce5e8feae1620d26561	APPROVED	2023-10-16T00:02:57.163	2023-10-16T00:03:53.837	2023-10-16T00:03:53.837	0.0300000000
529	мне очень обидно и просто стыдно перед всем миром что у нас такое чмошное правительство.как такие твари попадают в правительство?	1	Мне очень обидно и просто стыдно перед всем миром, что у нас такое ужасное правительство. Как такие люди попадают в правительство?	464	true				https://platform.toloka.ai/task/41793355/00027db74b--652c7db167632923dd60fb30	00027db74b--652c72bea8ebdc7126d242e6	00027db74b--652c7db167632923dd60fb30	00027db74b--652c7db167632923dd60fb2e	dc20772406694ce5e8feae1620d26561	APPROVED	2023-10-16T00:02:57.163	2023-10-16T00:03:53.837	2023-10-16T00:03:53.837	0.0300000000
24	волшебную бы палочку и поменять их местами,огромный кот и обосравшийся мент....	control	Волшебную палочку и поменять их местами	702	false	false			https://platform.toloka.ai/task/41793355/00027db74b--652c7dec4f14b96d9b2288c4	00027db74b--652c722467632923dd5e6793	00027db74b--652c7dec4f14b96d9b2288c4	00027db74b--652c7dec4f14b96d9b2288c2	dc20772406694ce5e8feae1620d26561	APPROVED	2023-10-16T00:03:56.519	2023-10-16T00:05:17.126	2023-10-16T00:05:17.126	0.0300000000
749	это в какой же стране? ну-ка расскажи нам, жопа зассаная	1	Это в какой же стране? Ну-ка расскажи нам	570	true				https://platform.toloka.ai/task/41793355/00027db74b--652c7dec4f14b96d9b2288c4	00027db74b--652c72bfa8ebdc7126d2450e	00027db74b--652c7dec4f14b96d9b2288c4	00027db74b--652c7dec4f14b96d9b2288c2	dc20772406694ce5e8feae1620d26561	APPROVED	2023-10-16T00:03:56.519	2023-10-16T00:05:17.126	2023-10-16T00:05:17.126	0.0300000000
765	пидорша, я буду белить фору, пока не перестанешь заниматься хуйней. виновата только ты, тварь ебаная.	1	В данной ситуации виновата только ты	890	true				https://platform.toloka.ai/task/41793355/00027db74b--652c7dec4f14b96d9b2288c4	00027db74b--652c72bfa8ebdc7126d2452e	00027db74b--652c7dec4f14b96d9b2288c4	00027db74b--652c7dec4f14b96d9b2288c2	dc20772406694ce5e8feae1620d26561	APPROVED	2023-10-16T00:03:56.519	2023-10-16T00:05:17.126	2023-10-16T00:05:17.126	0.0300000000
472	причина не в пришедших во власть долбоебов, а в население, которое этих долбоебов выбирает.	1	причина не в пришедших во власть, а в население, которое их выбирает.	985	true				https://platform.toloka.ai/task/41793355/00027db74b--652c7e3ee013ff63cfefe077	00027db74b--652c72bda8ebdc7126d24260	00027db74b--652c7e3ee013ff63cfefe077	00027db74b--652c7e3ee013ff63cfefe074	dc20772406694ce5e8feae1620d26561	APPROVED	2023-10-16T00:05:18.821	2023-10-16T00:06:48.774	2023-10-16T00:06:48.774	0.0300000000
653	да это уебок у нас начудит, и неужели он думает что за него проголосует кто!?	1	Да это он у нас нарушит, и неужели он думает что за него проголосует кто	684	false				https://platform.toloka.ai/task/41793355/00027db74b--652c7e3ee013ff63cfefe077	00027db74b--652c72bfa8ebdc7126d243fe	00027db74b--652c7e3ee013ff63cfefe077	00027db74b--652c7e3ee013ff63cfefe074	dc20772406694ce5e8feae1620d26561	APPROVED	2023-10-16T00:05:18.821	2023-10-16T00:06:48.774	2023-10-16T00:06:48.774	0.0300000000
37	какая нахер красавица диспропорция лица, а взгляд как у джека потрашителя	control	У неё диспропорция тела и страшный взгляд-какая же она красавица?	532	true	false			https://platform.toloka.ai/task/41793355/00027db74b--652c7e3ee013ff63cfefe077	00027db74b--652c722467632923dd5e67b1	00027db74b--652c7e3ee013ff63cfefe077	00027db74b--652c7e3ee013ff63cfefe074	dc20772406694ce5e8feae1620d26561	APPROVED	2023-10-16T00:05:18.821	2023-10-16T00:06:48.774	2023-10-16T00:06:48.774	0.0300000000
645	какими словами? долбоебы! кто вообще что-то знает?	1	Кто вообще что то знает	246	false				https://platform.toloka.ai/task/41793355/00027db74b--652c7e9aa8ebdc7126d48b96	00027db74b--652c72bfa8ebdc7126d243ed	00027db74b--652c7e9aa8ebdc7126d48b96	00027db74b--652c7e9aa8ebdc7126d48b92	dc20772406694ce5e8feae1620d26561	APPROVED	2023-10-16T00:06:50.548	2023-10-16T00:08:04.628	2023-10-16T00:08:04.628	0.0300000000
78	я бы в морду им дала без сожеления, а рука у меня тяжелая.	1	я бы в лицо им дала без сожеления, а рука у меня тяжелая	884	true				https://platform.toloka.ai/task/41793355/00027db74b--652c7e9aa8ebdc7126d48b96	00027db74b--652c72baa8ebdc7126d23ed8	00027db74b--652c7e9aa8ebdc7126d48b96	00027db74b--652c7e9aa8ebdc7126d48b92	dc20772406694ce5e8feae1620d26561	APPROVED	2023-10-16T00:06:50.548	2023-10-16T00:08:04.628	2023-10-16T00:08:04.628	0.0300000000
7	водила молодец при любой скорости попробуй эту дуру останови а родителей этих детей напиздить надо	control	Водитель молодец! Очень тяжело остановить такую большую машину.А родителям урок! Так нельзя!	279	true	true			https://platform.toloka.ai/task/41793355/00027db74b--652c7e9aa8ebdc7126d48b96	00027db74b--652c722467632923dd5e676c	00027db74b--652c7e9aa8ebdc7126d48b96	00027db74b--652c7e9aa8ebdc7126d48b92	dc20772406694ce5e8feae1620d26561	APPROVED	2023-10-16T00:06:50.548	2023-10-16T00:08:04.628	2023-10-16T00:08:04.628	0.0300000000
9	куда смотрят модераторы фотографий? как можно было пропустить эту фотографию? а этого урода убила бы	1	Куда смотрят модераторы, почему пропустили такую фотографию?	739	true				https://platform.toloka.ai/task/41793355/00027db74b--652c7ee867632923dd614a96	00027db74b--652c72baa8ebdc7126d23e3d	00027db74b--652c7ee867632923dd614a96	00027db74b--652c7ee867632923dd614a94	dc20772406694ce5e8feae1620d26561	APPROVED	2023-10-16T00:08:08.066	2023-10-16T00:08:58.997	2023-10-16T00:08:58.997	0.0300000000
6	в какой сибири.я сибиряк нет тут нечего.автор ублюдок пиздабол.	control	В какой сибири? Я - сибиряк, нет тут ничего. Автор не прав	449	true	true			https://platform.toloka.ai/task/41793355/00027db74b--652c7ee867632923dd614a96	00027db74b--652c722467632923dd5e676a	00027db74b--652c7ee867632923dd614a96	00027db74b--652c7ee867632923dd614a94	dc20772406694ce5e8feae1620d26561	APPROVED	2023-10-16T00:08:08.066	2023-10-16T00:08:58.997	2023-10-16T00:08:58.997	0.0300000000
352	кота покрасили и куча долбоебов восхищается	1	кота покрасили и куча людей восхищается	982	true				https://platform.toloka.ai/task/41793355/00027db74b--652c7ee867632923dd614a96	00027db74b--652c72bda8ebdc7126d2414b	00027db74b--652c7ee867632923dd614a96	00027db74b--652c7ee867632923dd614a94	dc20772406694ce5e8feae1620d26561	APPROVED	2023-10-16T00:08:08.066	2023-10-16T00:08:58.997	2023-10-16T00:08:58.997	0.0300000000
560	за яица повесить надо что бы больше детей не было	1	Ка трировать надо чтобы больше не было детей.	15	true				https://platform.toloka.ai/task/41793355/00027db74b--652c7f1ca8ebdc7126d4a189	00027db74b--652c72bea8ebdc7126d24328	00027db74b--652c7f1ca8ebdc7126d4a189	00027db74b--652c7f1ca8ebdc7126d4a186	dc20772406694ce5e8feae1620d26561	APPROVED	2023-10-16T00:09:00.851	2023-10-16T00:10:10.263	2023-10-16T00:10:10.263	0.0300000000
5	бредятину прекратите черкать, деньги нужно заработать, а про беду вообще заткнитесь , психи	control	Прекратить глупости писать. Деньги надо заработать. А про беду не говорите	968	true	true			https://platform.toloka.ai/task/41793355/00027db74b--652c7f1ca8ebdc7126d4a189	00027db74b--652c722467632923dd5e6767	00027db74b--652c7f1ca8ebdc7126d4a189	00027db74b--652c7f1ca8ebdc7126d4a186	dc20772406694ce5e8feae1620d26561	APPROVED	2023-10-16T00:09:00.851	2023-10-16T00:10:10.263	2023-10-16T00:10:10.263	0.0300000000
486	Вы правда считаете, что быдлокодер вашего софта на ПК и генно-кодер это один и тот же человек?	1	Вы правда считаете, что кодер вашего софта на ПК и генно-кодер это один и тот же человек?	931	true				https://platform.toloka.ai/task/41793355/00027db74b--652c7f1ca8ebdc7126d4a189	00027db74b--652c72bda8ebdc7126d2427c	00027db74b--652c7f1ca8ebdc7126d4a189	00027db74b--652c7f1ca8ebdc7126d4a186	dc20772406694ce5e8feae1620d26561	APPROVED	2023-10-16T00:09:00.851	2023-10-16T00:10:10.263	2023-10-16T00:10:10.263	0.0300000000
786	пиздобол ты ! не понимаешь не говори про пролдовольствие.	1	Не понимаешь не говори про продовольствие	115	true				https://platform.toloka.ai/task/41793355/00027db74b--652c7f644f14b96d9b22cdef	00027db74b--652c72c0a8ebdc7126d2455b	00027db74b--652c7f644f14b96d9b22cdef	00027db74b--652c7f644f14b96d9b22cde4	dc20772406694ce5e8feae1620d26561	APPROVED	2023-10-16T00:10:12.152	2023-10-16T00:10:46.102	2023-10-16T00:10:46.102	0.0300000000
36	и пидаров дописать нужно было.	control	и гомосексуалов дописать нужно было.	946	true	false			https://platform.toloka.ai/task/41793355/00027db74b--652c7f644f14b96d9b22cdef	00027db74b--652c722467632923dd5e67af	00027db74b--652c7f644f14b96d9b22cdef	00027db74b--652c7f644f14b96d9b22cde4	dc20772406694ce5e8feae1620d26561	APPROVED	2023-10-16T00:10:12.152	2023-10-16T00:10:46.102	2023-10-16T00:10:46.102	0.0300000000
630	это же пиздец какой то.	1	Это же ужас какой-то.	790	true				https://platform.toloka.ai/task/41793355/00027db74b--652c7f644f14b96d9b22cdef	00027db74b--652c72bfa8ebdc7126d243cf	00027db74b--652c7f644f14b96d9b22cdef	00027db74b--652c7f644f14b96d9b22cde4	dc20772406694ce5e8feae1620d26561	APPROVED	2023-10-16T00:10:12.152	2023-10-16T00:10:46.102	2023-10-16T00:10:46.102	0.0300000000
30	да, я за путина... и это тебе не хуем в ноздре ковырять... шакал...	control	Да, я за Путина... и это тебе просто так...	11	true	false			https://platform.toloka.ai/task/41793355/00027db74b--652c87f69404dc38e65f2351	00027db74b--652c722467632923dd5e67a2	00027db74b--652c87f69404dc38e65f2351	00027db74b--652c87f69404dc38e65f234b	7c988028238c0ebc6658e264ef0468de	APPROVED	2023-10-16T00:46:46.265	2023-10-16T00:48:33.761	2023-10-16T00:48:33.761	0.0300000000
1	а ты чмо там был.ты вообще служил.гандон	1	А ты там был? Ты вообще служил?	423	true				https://platform.toloka.ai/task/41793355/00027db74b--652c87f69404dc38e65f2351	00027db74b--652c72baa8ebdc7126d23e2c	00027db74b--652c87f69404dc38e65f2351	00027db74b--652c87f69404dc38e65f234b	7c988028238c0ebc6658e264ef0468de	APPROVED	2023-10-16T00:46:46.265	2023-10-16T00:48:33.761	2023-10-16T00:48:33.761	0.0300000000
332	не наша, а твоя ( дибильная)	1	Не наша, а твоя!	196	true				https://platform.toloka.ai/task/41793355/00027db74b--652c87f69404dc38e65f2351	00027db74b--652c72bca8ebdc7126d24121	00027db74b--652c87f69404dc38e65f2351	00027db74b--652c87f69404dc38e65f234b	7c988028238c0ebc6658e264ef0468de	APPROVED	2023-10-16T00:46:46.265	2023-10-16T00:48:33.761	2023-10-16T00:48:33.761	0.0300000000
410	....эта сука должна давно сдохнуть как собака бешеная, в первую очередь в умах советских людей	1	Этот человек уже давно должен умереть в первую очередь в умах советских людей	765	true				https://platform.toloka.ai/task/41793355/00027db74b--652c9d4667632923dd67787d	00027db74b--652c72bda8ebdc7126d241d7	00027db74b--652c9d4667632923dd67787d	00027db74b--652c9d4667632923dd677878	25bc578faa41acf060ebb3fc4f7ce212	APPROVED	2023-10-16T02:17:42.712	2023-10-16T02:18:33.013	2023-10-16T02:18:33.013	0.0300000000
30	да, я за путина... и это тебе не хуем в ноздре ковырять... шакал...	control	Да, я за Путина... и это тебе просто так...	11	true	false			https://platform.toloka.ai/task/41793355/00027db74b--652c9d4667632923dd67787d	00027db74b--652c722467632923dd5e67a2	00027db74b--652c9d4667632923dd67787d	00027db74b--652c9d4667632923dd677878	25bc578faa41acf060ebb3fc4f7ce212	APPROVED	2023-10-16T02:17:42.712	2023-10-16T02:18:33.013	2023-10-16T02:18:33.013	0.0300000000
375	одессу никто не забыл выродок свинявый	1	одессу никто не забыл	787	true				https://platform.toloka.ai/task/41793355/00027db74b--652c9d4667632923dd67787d	00027db74b--652c72bda8ebdc7126d2417a	00027db74b--652c9d4667632923dd67787d	00027db74b--652c9d4667632923dd677878	25bc578faa41acf060ebb3fc4f7ce212	APPROVED	2023-10-16T02:17:42.712	2023-10-16T02:18:33.013	2023-10-16T02:18:33.013	0.0300000000
251	проёбаное поколение 90-х мы то как раз выживем а вот вы заморыши просто отребье	1	Поколение 90х мы то как раз выживет а вот вы	906	false				https://platform.toloka.ai/task/41793355/00027db74b--652cae31e013ff63cff92deb	00027db74b--652c72bca8ebdc7126d2406e	00027db74b--652cae31e013ff63cff92deb	00027db74b--652cae31e013ff63cff92de9	fd11aa3a1e9b77c7c71ba55d5e8fd1e8	APPROVED	2023-10-16T03:29:53.862	2023-10-16T03:32:18.212	2023-10-16T03:32:18.212	0.0300000000
18	да не женщины виноваты это мужики уроды сейчас пошли	control	Не женщины виноваты, а мужчины сейчас такие.	405	true	true			https://platform.toloka.ai/task/41793355/00027db74b--652cae31e013ff63cff92deb	00027db74b--652c722467632923dd5e6786	00027db74b--652cae31e013ff63cff92deb	00027db74b--652cae31e013ff63cff92de9	fd11aa3a1e9b77c7c71ba55d5e8fd1e8	APPROVED	2023-10-16T03:29:53.862	2023-10-16T03:32:18.212	2023-10-16T03:32:18.212	0.0300000000
375	одессу никто не забыл выродок свинявый	1	одессу никто не забыл	787	true				https://platform.toloka.ai/task/41793355/00027db74b--652cae31e013ff63cff92deb	00027db74b--652c72bda8ebdc7126d2417a	00027db74b--652cae31e013ff63cff92deb	00027db74b--652cae31e013ff63cff92de9	fd11aa3a1e9b77c7c71ba55d5e8fd1e8	APPROVED	2023-10-16T03:29:53.862	2023-10-16T03:32:18.212	2023-10-16T03:32:18.212	0.0300000000
38	классно фигура до утра трахнул был 🤟	control	классно фигура до утра	205	false	false			https://platform.toloka.ai/task/41793355/00027db74b--652caf41a8ebdc7126de6abd	00027db74b--652c722467632923dd5e67b4	00027db74b--652caf41a8ebdc7126de6abd	00027db74b--652caf41a8ebdc7126de6aba	fd11aa3a1e9b77c7c71ba55d5e8fd1e8	APPROVED	2023-10-16T03:34:25.445	2023-10-16T03:34:47.944	2023-10-16T03:34:47.944	0.0300000000
368	и не слушать всякое блядво западенское .	1	и не слушать всякие речи западные	670	true				https://platform.toloka.ai/task/41793355/00027db74b--652caf41a8ebdc7126de6abd	00027db74b--652c72bda8ebdc7126d2416c	00027db74b--652caf41a8ebdc7126de6abd	00027db74b--652caf41a8ebdc7126de6aba	fd11aa3a1e9b77c7c71ba55d5e8fd1e8	APPROVED	2023-10-16T03:34:25.445	2023-10-16T03:34:47.944	2023-10-16T03:34:47.944	0.0300000000
332	не наша, а твоя ( дибильная)	1	Не наша, а твоя!	196	false				https://platform.toloka.ai/task/41793355/00027db74b--652caf41a8ebdc7126de6abd	00027db74b--652c72bca8ebdc7126d24121	00027db74b--652caf41a8ebdc7126de6abd	00027db74b--652caf41a8ebdc7126de6aba	fd11aa3a1e9b77c7c71ba55d5e8fd1e8	APPROVED	2023-10-16T03:34:25.445	2023-10-16T03:34:47.944	2023-10-16T03:34:47.944	0.0300000000
455	ты знаешь что с тобой будет сучка	1	ты знаешь что с тобой будет	717	true				https://platform.toloka.ai/task/41793355/00027db74b--652caf5a4f14b96d9b2c33e4	00027db74b--652c72bda8ebdc7126d2423b	00027db74b--652caf5a4f14b96d9b2c33e4	00027db74b--652caf5a4f14b96d9b2c33e0	fd11aa3a1e9b77c7c71ba55d5e8fd1e8	APPROVED	2023-10-16T03:34:50.468	2023-10-16T03:35:28.945	2023-10-16T03:35:28.945	0.0300000000
24	волшебную бы палочку и поменять их местами,огромный кот и обосравшийся мент....	control	Волшебную палочку и поменять их местами	702	false	false			https://platform.toloka.ai/task/41793355/00027db74b--652caf5a4f14b96d9b2c33e4	00027db74b--652c722467632923dd5e6793	00027db74b--652caf5a4f14b96d9b2c33e4	00027db74b--652caf5a4f14b96d9b2c33e0	fd11aa3a1e9b77c7c71ba55d5e8fd1e8	APPROVED	2023-10-16T03:34:50.468	2023-10-16T03:35:28.945	2023-10-16T03:35:28.945	0.0300000000
56	как вы суки хочете чтоб россия напала и завоевала, чтоб вас тварей потом кормить.	1	как вы хотите, чтобы Россия напала и завоевала, чтоб вас потом кормить.	877	true				https://platform.toloka.ai/task/41793355/00027db74b--652caf5a4f14b96d9b2c33e4	00027db74b--652c72baa8ebdc7126d23ea6	00027db74b--652caf5a4f14b96d9b2c33e4	00027db74b--652caf5a4f14b96d9b2c33e0	fd11aa3a1e9b77c7c71ba55d5e8fd1e8	APPROVED	2023-10-16T03:34:50.468	2023-10-16T03:35:28.945	2023-10-16T03:35:28.945	0.0300000000
91	в идеале, их бы просто пристрелить! но об этом (как у жванецкого!) остаётся только мечтать!	1	в идеале, их бы просто убрать! но об этом (как у жванецкого!) остаётся только мечтать!	93	true				https://platform.toloka.ai/task/41793355/00027db74b--652caf8267632923dd6be9c9	00027db74b--652c72bba8ebdc7126d23efc	00027db74b--652caf8267632923dd6be9c9	00027db74b--652caf8267632923dd6be9c6	fd11aa3a1e9b77c7c71ba55d5e8fd1e8	APPROVED	2023-10-16T03:35:30.579	2023-10-16T03:35:55.501	2023-10-16T03:35:55.501	0.0300000000
760	жополиз путинский тварь продажная ему на россию плевать простые люди для наго ничто	1	Ему на Россию всеравно, простые люди для него никто	685	true				https://platform.toloka.ai/task/41793355/00027db74b--652caf8267632923dd6be9c9	00027db74b--652c72bfa8ebdc7126d24524	00027db74b--652caf8267632923dd6be9c9	00027db74b--652caf8267632923dd6be9c6	fd11aa3a1e9b77c7c71ba55d5e8fd1e8	APPROVED	2023-10-16T03:35:30.579	2023-10-16T03:35:55.501	2023-10-16T03:35:55.501	0.0300000000
36	и пидаров дописать нужно было.	control	и гомосексуалов дописать нужно было.	946	true	false			https://platform.toloka.ai/task/41793355/00027db74b--652caf8267632923dd6be9c9	00027db74b--652c722467632923dd5e67af	00027db74b--652caf8267632923dd6be9c9	00027db74b--652caf8267632923dd6be9c6	fd11aa3a1e9b77c7c71ba55d5e8fd1e8	APPROVED	2023-10-16T03:35:30.579	2023-10-16T03:35:55.501	2023-10-16T03:35:55.501	0.0300000000
20	да кто вас спрашивать то будет. а лизунов засунуть туда где они лизали.	control	Вашим мнением никто не интересуется	66	true	true			https://platform.toloka.ai/task/41793355/00027db74b--652caf9d9404dc38e66727f5	00027db74b--652c722467632923dd5e678b	00027db74b--652caf9d9404dc38e66727f5	00027db74b--652caf9c9404dc38e66727ed	fd11aa3a1e9b77c7c71ba55d5e8fd1e8	APPROVED	2023-10-16T03:35:57.045	2023-10-16T03:36:38.030	2023-10-16T03:36:38.030	0.0300000000
160	такого долбоебизма как в киеве не будет	1	такого, как в киеве, не будет.	198	false				https://platform.toloka.ai/task/41793355/00027db74b--652caf9d9404dc38e66727f5	00027db74b--652c72bba8ebdc7126d23fa7	00027db74b--652caf9d9404dc38e66727f5	00027db74b--652caf9c9404dc38e66727ed	fd11aa3a1e9b77c7c71ba55d5e8fd1e8	APPROVED	2023-10-16T03:35:57.045	2023-10-16T03:36:38.030	2023-10-16T03:36:38.030	0.0300000000
52	ясен хуй!!!с какого он должен снижаться то...куда нахуй маски со своего заводика продавать будет!!!мрази!!!ни дна вам ни покрышки!!!ублюдки!!!	1	Естественно!! Почему он должен снижаться то... Куда маски со своего заводика продавать будет!!! Ни дна вам ни покрышки!!!	272	true				https://platform.toloka.ai/task/41793355/00027db74b--652caf9d9404dc38e66727f5	00027db74b--652c72baa8ebdc7126d23e9d	00027db74b--652caf9d9404dc38e66727f5	00027db74b--652caf9c9404dc38e66727ed	fd11aa3a1e9b77c7c71ba55d5e8fd1e8	APPROVED	2023-10-16T03:35:57.045	2023-10-16T03:36:38.030	2023-10-16T03:36:38.030	0.0300000000
545	да, номера наши по ходу. а вот то что наши чмошники перенимают всёдозволеность как у матрасников, это не отнять.	1	да, номера наши по ходу. а вот то что наши  перенимают всёдозволеность как у матрасников, это не отнять.	310	true				https://platform.toloka.ai/task/41793355/00027db74b--652cafc79404dc38e667324e	00027db74b--652c72bea8ebdc7126d24308	00027db74b--652cafc79404dc38e667324e	00027db74b--652cafc79404dc38e667323b	fd11aa3a1e9b77c7c71ba55d5e8fd1e8	APPROVED	2023-10-16T03:36:39.361	2023-10-16T03:37:08.436	2023-10-16T03:37:08.436	0.0300000000
364	тварь кинула в чёрный список а теперь подарки шлёшь, блядина	1	Кинула в черный список, а теперь подарки шлёшь	797	true				https://platform.toloka.ai/task/41793355/00027db74b--652cafc79404dc38e667324e	00027db74b--652c72bda8ebdc7126d24164	00027db74b--652cafc79404dc38e667324e	00027db74b--652cafc79404dc38e667323b	fd11aa3a1e9b77c7c71ba55d5e8fd1e8	APPROVED	2023-10-16T03:36:39.361	2023-10-16T03:37:08.436	2023-10-16T03:37:08.436	0.0300000000
3	большего идиота,чем ты антоха,придумать не возможно....рассуждение пукинского дебилоида-путриота	control	Антон, ты рассуждаешь некорректно	551	false	true			https://platform.toloka.ai/task/41793355/00027db74b--652cafc79404dc38e667324e	00027db74b--652c722467632923dd5e6765	00027db74b--652cafc79404dc38e667324e	00027db74b--652cafc79404dc38e667323b	fd11aa3a1e9b77c7c71ba55d5e8fd1e8	APPROVED	2023-10-16T03:36:39.361	2023-10-16T03:37:08.436	2023-10-16T03:37:08.436	0.0300000000
410	....эта сука должна давно сдохнуть как собака бешеная, в первую очередь в умах советских людей	1	Этот человек уже давно должен умереть в первую очередь в умах советских людей	765	true				https://platform.toloka.ai/task/41793355/00027db74b--652cb4a09404dc38e6684999	00027db74b--652c72bda8ebdc7126d241d7	00027db74b--652cb4a09404dc38e6684999	00027db74b--652cb4a09404dc38e6684995	c1cb3fb2fe1280cab96dd3de5f176940	APPROVED	2023-10-16T03:57:20.675	2023-10-16T03:58:23.880	2023-10-16T03:58:23.880	0.0300000000
578	Всё правильно делают! Если русские терпилы и куколды, то хоть якуты мамбетов на место поставят.	1	Всë правильно! Если русские терпят, то хоть якуты мамбетов смогут поставить на место.	393	true				https://platform.toloka.ai/task/41793355/00027db74b--652cb4a09404dc38e6684999	00027db74b--652c72bea8ebdc7126d2434f	00027db74b--652cb4a09404dc38e6684999	00027db74b--652cb4a09404dc38e6684995	c1cb3fb2fe1280cab96dd3de5f176940	APPROVED	2023-10-16T03:57:20.675	2023-10-16T03:58:23.880	2023-10-16T03:58:23.880	0.0300000000
13	глупышка! сильный пол, это ты! как вы заебали на странице!!! наебись ты наконец. сколько можно.	control	Сильный пол - это ты! Как вы надоели на этой странице.	190	true	true			https://platform.toloka.ai/task/41793355/00027db74b--652cb4a09404dc38e6684999	00027db74b--652c722467632923dd5e677a	00027db74b--652cb4a09404dc38e6684999	00027db74b--652cb4a09404dc38e6684995	c1cb3fb2fe1280cab96dd3de5f176940	APPROVED	2023-10-16T03:57:20.675	2023-10-16T03:58:23.880	2023-10-16T03:58:23.880	0.0300000000
375	одессу никто не забыл выродок свинявый	1	одессу никто не забыл	787	true				https://platform.toloka.ai/task/41793355/00027db74b--652cb4e167632923dd6d48e0	00027db74b--652c72bda8ebdc7126d2417a	00027db74b--652cb4e167632923dd6d48e0	00027db74b--652cb4e167632923dd6d48d9	c1cb3fb2fe1280cab96dd3de5f176940	APPROVED	2023-10-16T03:58:25.354	2023-10-16T03:59:06.699	2023-10-16T03:59:06.699	0.0300000000
22	вдв лучше не трогать потом пиздец как больно будет и не один батальон мусоров в щепки разлетиться!!!	control	С вдв летчше не конфликтовать.даже полиция не по может!	655	false	false			https://platform.toloka.ai/task/41793355/00027db74b--652cb4e167632923dd6d48e0	00027db74b--652c722467632923dd5e678f	00027db74b--652cb4e167632923dd6d48e0	00027db74b--652cb4e167632923dd6d48d9	c1cb3fb2fe1280cab96dd3de5f176940	APPROVED	2023-10-16T03:58:25.354	2023-10-16T03:59:06.699	2023-10-16T03:59:06.699	0.0300000000
251	проёбаное поколение 90-х мы то как раз выживем а вот вы заморыши просто отребье	1	Поколение 90х мы то как раз выживет а вот вы	906	false				https://platform.toloka.ai/task/41793355/00027db74b--652cb4e167632923dd6d48e0	00027db74b--652c72bca8ebdc7126d2406e	00027db74b--652cb4e167632923dd6d48e0	00027db74b--652cb4e167632923dd6d48d9	c1cb3fb2fe1280cab96dd3de5f176940	APPROVED	2023-10-16T03:58:25.354	2023-10-16T03:59:06.699	2023-10-16T03:59:06.699	0.0300000000
332	не наша, а твоя ( дибильная)	1	Не наша, а твоя!	196	true				https://platform.toloka.ai/task/41793355/00027db74b--652cb50c4f14b96d9b2d94d7	00027db74b--652c72bca8ebdc7126d24121	00027db74b--652cb50c4f14b96d9b2d94d7	00027db74b--652cb50c4f14b96d9b2d94ce	c1cb3fb2fe1280cab96dd3de5f176940	APPROVED	2023-10-16T03:59:08.221	2023-10-16T04:00:13.925	2023-10-16T04:00:13.925	0.0300000000
266	В мясе нет крови, тупая пидораха	1	В мясе нет крови	726	true				https://platform.toloka.ai/task/41793355/00027db74b--652cb50c4f14b96d9b2d94d7	00027db74b--652c72bca8ebdc7126d2408e	00027db74b--652cb50c4f14b96d9b2d94d7	00027db74b--652cb50c4f14b96d9b2d94ce	c1cb3fb2fe1280cab96dd3de5f176940	APPROVED	2023-10-16T03:59:08.221	2023-10-16T04:00:13.925	2023-10-16T04:00:13.925	0.0300000000
5	бредятину прекратите черкать, деньги нужно заработать, а про беду вообще заткнитесь , психи	control	Прекратить глупости писать. Деньги надо заработать. А про беду не говорите	968	true	true			https://platform.toloka.ai/task/41793355/00027db74b--652cb50c4f14b96d9b2d94d7	00027db74b--652c722467632923dd5e6767	00027db74b--652cb50c4f14b96d9b2d94d7	00027db74b--652cb50c4f14b96d9b2d94ce	c1cb3fb2fe1280cab96dd3de5f176940	APPROVED	2023-10-16T03:59:08.221	2023-10-16T04:00:13.925	2023-10-16T04:00:13.925	0.0300000000
35	за што судить за то чтоза себя постояла,этим тварям надо отрезать мужское достоинство и на зону,	control	Судить по закону или отдать на самосуд	225	false	false			https://platform.toloka.ai/task/41793355/00027db74b--652cb56267632923dd6d6c82	00027db74b--652c722467632923dd5e67ad	00027db74b--652cb56267632923dd6d6c82	00027db74b--652cb56267632923dd6d6c7e	c1cb3fb2fe1280cab96dd3de5f176940	APPROVED	2023-10-16T04:00:34.573	2023-10-16T04:02:01.282	2023-10-16T04:02:01.282	0.0300000000
760	жополиз путинский тварь продажная ему на россию плевать простые люди для наго ничто	1	Ему на Россию всеравно, простые люди для него никто	685	true				https://platform.toloka.ai/task/41793355/00027db74b--652cb56267632923dd6d6c82	00027db74b--652c72bfa8ebdc7126d24524	00027db74b--652cb56267632923dd6d6c82	00027db74b--652cb56267632923dd6d6c7e	c1cb3fb2fe1280cab96dd3de5f176940	APPROVED	2023-10-16T04:00:34.573	2023-10-16T04:02:01.282	2023-10-16T04:02:01.282	0.0300000000
391	а у вовочки такая блядская семейка, что взяли хрен вернут:d	1	А у вовочки такая семейка, что взяли не вернут	368	true				https://platform.toloka.ai/task/41793355/00027db74b--652cb56267632923dd6d6c82	00027db74b--652c72bda8ebdc7126d2419a	00027db74b--652cb56267632923dd6d6c82	00027db74b--652cb56267632923dd6d6c7e	c1cb3fb2fe1280cab96dd3de5f176940	APPROVED	2023-10-16T04:00:34.573	2023-10-16T04:02:01.282	2023-10-16T04:02:01.282	0.0300000000
455	ты знаешь что с тобой будет сучка	1	ты знаешь что с тобой будет	717	true				https://platform.toloka.ai/task/41793355/00027db74b--652cb5ba4f14b96d9b2dbb17	00027db74b--652c72bda8ebdc7126d2423b	00027db74b--652cb5ba4f14b96d9b2dbb17	00027db74b--652cb5ba4f14b96d9b2dbb15	c1cb3fb2fe1280cab96dd3de5f176940	APPROVED	2023-10-16T04:02:02.772	2023-10-16T04:02:27.385	2023-10-16T04:02:27.385	0.0320000000
25	все бухают, но не все же пидарасы!?!?	control	Все пьют но не все же неформалы	610	true	false			https://platform.toloka.ai/task/41793355/00027db74b--652cb5ba4f14b96d9b2dbb17	00027db74b--652c722467632923dd5e6798	00027db74b--652cb5ba4f14b96d9b2dbb17	00027db74b--652cb5ba4f14b96d9b2dbb15	c1cb3fb2fe1280cab96dd3de5f176940	APPROVED	2023-10-16T04:02:02.772	2023-10-16T04:02:27.385	2023-10-16T04:02:27.385	0.0320000000
160	такого долбоебизма как в киеве не будет	1	такого, как в киеве, не будет.	198	true				https://platform.toloka.ai/task/41793355/00027db74b--652cb5ba4f14b96d9b2dbb17	00027db74b--652c72bba8ebdc7126d23fa7	00027db74b--652cb5ba4f14b96d9b2dbb17	00027db74b--652cb5ba4f14b96d9b2dbb15	c1cb3fb2fe1280cab96dd3de5f176940	APPROVED	2023-10-16T04:02:02.772	2023-10-16T04:02:27.385	2023-10-16T04:02:27.385	0.0320000000
787	учителю заплатили что бы ублюдок во второй класс не попал	1	Учителю заплатили чтобы он во второй класс не попал	887	true				https://platform.toloka.ai/task/41793355/00027db74b--652cb5d4a8ebdc7126dfe565	00027db74b--652c72c0a8ebdc7126d2455d	00027db74b--652cb5d4a8ebdc7126dfe565	00027db74b--652cb5d4a8ebdc7126dfe563	c1cb3fb2fe1280cab96dd3de5f176940	APPROVED	2023-10-16T04:02:28.970	2023-10-16T04:03:17.120	2023-10-16T04:03:17.120	0.0300000000
17	да конченный таракан..просто заебал всех этот долбанный колхозник	control	Всем надоел этот колхозник	767	true	true			https://platform.toloka.ai/task/41793355/00027db74b--652cb5d4a8ebdc7126dfe565	00027db74b--652c722467632923dd5e6783	00027db74b--652cb5d4a8ebdc7126dfe565	00027db74b--652cb5d4a8ebdc7126dfe563	c1cb3fb2fe1280cab96dd3de5f176940	APPROVED	2023-10-16T04:02:28.970	2023-10-16T04:03:17.120	2023-10-16T04:03:17.120	0.0300000000
56	как вы суки хочете чтоб россия напала и завоевала, чтоб вас тварей потом кормить.	1	как вы хотите, чтобы Россия напала и завоевала, чтоб вас потом кормить.	877	true				https://platform.toloka.ai/task/41793355/00027db74b--652cb5d4a8ebdc7126dfe565	00027db74b--652c72baa8ebdc7126d23ea6	00027db74b--652cb5d4a8ebdc7126dfe565	00027db74b--652cb5d4a8ebdc7126dfe563	c1cb3fb2fe1280cab96dd3de5f176940	APPROVED	2023-10-16T04:02:28.970	2023-10-16T04:03:17.120	2023-10-16T04:03:17.120	0.0300000000
545	да, номера наши по ходу. а вот то что наши чмошники перенимают всёдозволеность как у матрасников, это не отнять.	1	да, номера наши по ходу. а вот то что наши  перенимают всёдозволеность как у матрасников, это не отнять.	310	true				https://platform.toloka.ai/task/41793355/00027db74b--652cb606a8ebdc7126dff17f	00027db74b--652c72bea8ebdc7126d24308	00027db74b--652cb606a8ebdc7126dff17f	00027db74b--652cb606a8ebdc7126dff168	c1cb3fb2fe1280cab96dd3de5f176940	APPROVED	2023-10-16T04:03:18.980	2023-10-16T04:03:55.775	2023-10-16T04:03:55.775	0.0300000000
710	еще бы в октябре блядь открыл придурок .	1	Ещё бы в октябре открыл	581	true				https://platform.toloka.ai/task/41793355/00027db74b--652cb606a8ebdc7126dff17f	00027db74b--652c72bfa8ebdc7126d244ba	00027db74b--652cb606a8ebdc7126dff17f	00027db74b--652cb606a8ebdc7126dff168	c1cb3fb2fe1280cab96dd3de5f176940	APPROVED	2023-10-16T04:03:18.980	2023-10-16T04:03:55.775	2023-10-16T04:03:55.775	0.0300000000
10	вы дауны всегда лопается возле шва	control	Всегда лопается возле шва	739	true	true			https://platform.toloka.ai/task/41793355/00027db74b--652cb606a8ebdc7126dff17f	00027db74b--652c722467632923dd5e6774	00027db74b--652cb606a8ebdc7126dff17f	00027db74b--652cb606a8ebdc7126dff168	c1cb3fb2fe1280cab96dd3de5f176940	APPROVED	2023-10-16T04:03:18.980	2023-10-16T04:03:55.775	2023-10-16T04:03:55.775	0.0300000000
144	осторожно мошенники,эта тварь гуляет по интернету и обманывает людей,этот товар белорусской фабрики и стоит он от 4000 руб.	1	осторожно мошенники,эти люди  гуляют по интернету и обманывают людей,этот товар белорусской фабрики и стоит он от 4000 руб.	974	true				https://platform.toloka.ai/task/41793355/00027db74b--652cb62c9404dc38e668bab9	00027db74b--652c72bba8ebdc7126d23f86	00027db74b--652cb62c9404dc38e668bab9	00027db74b--652cb62c9404dc38e668bab6	c1cb3fb2fe1280cab96dd3de5f176940	APPROVED	2023-10-16T04:03:56.987	2023-10-16T04:04:39.238	2023-10-16T04:04:39.238	0.0300000000
36	и пидаров дописать нужно было.	control	и гомосексуалов дописать нужно было.	946	true	false			https://platform.toloka.ai/task/41793355/00027db74b--652cb62c9404dc38e668bab9	00027db74b--652c722467632923dd5e67af	00027db74b--652cb62c9404dc38e668bab9	00027db74b--652cb62c9404dc38e668bab6	c1cb3fb2fe1280cab96dd3de5f176940	APPROVED	2023-10-16T04:03:56.987	2023-10-16T04:04:39.238	2023-10-16T04:04:39.238	0.0300000000
91	в идеале, их бы просто пристрелить! но об этом (как у жванецкого!) остаётся только мечтать!	1	в идеале, их бы просто убрать! но об этом (как у жванецкого!) остаётся только мечтать!	93	true				https://platform.toloka.ai/task/41793355/00027db74b--652cb62c9404dc38e668bab9	00027db74b--652c72bba8ebdc7126d23efc	00027db74b--652cb62c9404dc38e668bab9	00027db74b--652cb62c9404dc38e668bab6	c1cb3fb2fe1280cab96dd3de5f176940	APPROVED	2023-10-16T04:03:56.987	2023-10-16T04:04:39.238	2023-10-16T04:04:39.238	0.0300000000
368	и не слушать всякое блядво западенское .	1	и не слушать всякие речи западные	670	true				https://platform.toloka.ai/task/41793355/00027db74b--652cb64de013ff63cffb18c7	00027db74b--652c72bda8ebdc7126d2416c	00027db74b--652cb64de013ff63cffb18c7	00027db74b--652cb64de013ff63cffb18c5	df7953e320175d63cad5f8c41aca3515	APPROVED	2023-10-16T04:04:29.715	2023-10-16T04:05:34.987	2023-10-16T04:05:34.987	0.0300000000
91	в идеале, их бы просто пристрелить! но об этом (как у жванецкого!) остаётся только мечтать!	1	в идеале, их бы просто убрать! но об этом (как у жванецкого!) остаётся только мечтать!	93	true				https://platform.toloka.ai/task/41793355/00027db74b--652cb64de013ff63cffb18c7	00027db74b--652c72bba8ebdc7126d23efc	00027db74b--652cb64de013ff63cffb18c7	00027db74b--652cb64de013ff63cffb18c5	df7953e320175d63cad5f8c41aca3515	APPROVED	2023-10-16T04:04:29.715	2023-10-16T04:05:34.987	2023-10-16T04:05:34.987	0.0300000000
1	блин в каком говне мы находимся.	control	мы находимся в весьма печальном положении	423	true	true			https://platform.toloka.ai/task/41793355/00027db74b--652cb64de013ff63cffb18c7	00027db74b--652c722467632923dd5e6761	00027db74b--652cb64de013ff63cffb18c7	00027db74b--652cb64de013ff63cffb18c5	df7953e320175d63cad5f8c41aca3515	APPROVED	2023-10-16T04:04:29.715	2023-10-16T04:05:34.987	2023-10-16T04:05:34.987	0.0300000000
1	а ты чмо там был.ты вообще служил.гандон	1	А ты там был? Ты вообще служил?	423	false				https://platform.toloka.ai/task/41793355/00027db74b--652cb6594f14b96d9b2de038	00027db74b--652c72baa8ebdc7126d23e2c	00027db74b--652cb6594f14b96d9b2de038	00027db74b--652cb6594f14b96d9b2de032	c1cb3fb2fe1280cab96dd3de5f176940	APPROVED	2023-10-16T04:04:41.878	2023-10-16T04:05:22.535	2023-10-16T04:05:22.535	0.0300000000
368	и не слушать всякое блядво западенское .	1	и не слушать всякие речи западные	670	true				https://platform.toloka.ai/task/41793355/00027db74b--652cb6594f14b96d9b2de038	00027db74b--652c72bda8ebdc7126d2416c	00027db74b--652cb6594f14b96d9b2de038	00027db74b--652cb6594f14b96d9b2de032	c1cb3fb2fe1280cab96dd3de5f176940	APPROVED	2023-10-16T04:04:41.878	2023-10-16T04:05:22.535	2023-10-16T04:05:22.535	0.0300000000
33	женишок то мой тут гад	control	Жених тут мой	408	true	false			https://platform.toloka.ai/task/41793355/00027db74b--652cb6594f14b96d9b2de038	00027db74b--652c722467632923dd5e67a8	00027db74b--652cb6594f14b96d9b2de038	00027db74b--652cb6594f14b96d9b2de032	c1cb3fb2fe1280cab96dd3de5f176940	APPROVED	2023-10-16T04:04:41.878	2023-10-16T04:05:22.535	2023-10-16T04:05:22.535	0.0300000000
375	одессу никто не забыл выродок свинявый	1	одессу никто не забыл	787	true				https://platform.toloka.ai/task/41793355/00027db74b--652cb690f304820cdb5fe4c5	00027db74b--652c72bda8ebdc7126d2417a	00027db74b--652cb690f304820cdb5fe4c5	00027db74b--652cb690f304820cdb5fe4bd	df7953e320175d63cad5f8c41aca3515	APPROVED	2023-10-16T04:05:36.745	2023-10-16T04:07:03.253	2023-10-16T04:07:03.253	0.0300000000
2	блядин! уходи в манастырь! замаливай грехи, заодно перестанешь трахаться.	control	Уходи в монастырь. Замаливай грехи. Заодно перестанешь заниматься сексом.	120	true	true			https://platform.toloka.ai/task/41793355/00027db74b--652cb690f304820cdb5fe4c5	00027db74b--652c722467632923dd5e6763	00027db74b--652cb690f304820cdb5fe4c5	00027db74b--652cb690f304820cdb5fe4bd	df7953e320175d63cad5f8c41aca3515	APPROVED	2023-10-16T04:05:36.745	2023-10-16T04:07:03.253	2023-10-16T04:07:03.253	0.0300000000
410	....эта сука должна давно сдохнуть как собака бешеная, в первую очередь в умах советских людей	1	Этот человек уже давно должен умереть в первую очередь в умах советских людей	765	true				https://platform.toloka.ai/task/41793355/00027db74b--652cb690f304820cdb5fe4c5	00027db74b--652c72bda8ebdc7126d241d7	00027db74b--652cb690f304820cdb5fe4c5	00027db74b--652cb690f304820cdb5fe4bd	df7953e320175d63cad5f8c41aca3515	APPROVED	2023-10-16T04:05:36.745	2023-10-16T04:07:03.253	2023-10-16T04:07:03.253	0.0300000000
332	не наша, а твоя ( дибильная)	1	Не наша, а твоя!	196	true				https://platform.toloka.ai/task/41793355/00027db74b--652cb6e89404dc38e668e7fa	00027db74b--652c72bca8ebdc7126d24121	00027db74b--652cb6e89404dc38e668e7fa	00027db74b--652cb6e89404dc38e668e7f7	df7953e320175d63cad5f8c41aca3515	APPROVED	2023-10-16T04:07:04.972	2023-10-16T04:08:23.822	2023-10-16T04:08:23.822	0.0300000000
38	классно фигура до утра трахнул был 🤟	control	классно фигура до утра	205	false	false			https://platform.toloka.ai/task/41793355/00027db74b--652cb6e89404dc38e668e7fa	00027db74b--652c722467632923dd5e67b4	00027db74b--652cb6e89404dc38e668e7fa	00027db74b--652cb6e89404dc38e668e7f7	df7953e320175d63cad5f8c41aca3515	APPROVED	2023-10-16T04:07:04.972	2023-10-16T04:08:23.822	2023-10-16T04:08:23.822	0.0300000000
760	жополиз путинский тварь продажная ему на россию плевать простые люди для наго ничто	1	Ему на Россию всеравно, простые люди для него никто	685	false				https://platform.toloka.ai/task/41793355/00027db74b--652cb6e89404dc38e668e7fa	00027db74b--652c72bfa8ebdc7126d24524	00027db74b--652cb6e89404dc38e668e7fa	00027db74b--652cb6e89404dc38e668e7f7	df7953e320175d63cad5f8c41aca3515	APPROVED	2023-10-16T04:07:04.972	2023-10-16T04:08:23.822	2023-10-16T04:08:23.822	0.0300000000
6	в какой сибири.я сибиряк нет тут нечего.автор ублюдок пиздабол.	control	В какой сибири? Я - сибиряк, нет тут ничего. Автор не прав	449	true	true			https://platform.toloka.ai/task/41793355/00027db74b--652cb739a8ebdc7126e04620	00027db74b--652c722467632923dd5e676a	00027db74b--652cb739a8ebdc7126e04620	00027db74b--652cb739a8ebdc7126e0461e	df7953e320175d63cad5f8c41aca3515	APPROVED	2023-10-16T04:08:25.621	2023-10-16T04:10:20.913	2023-10-16T04:10:20.913	0.0300000000
251	проёбаное поколение 90-х мы то как раз выживем а вот вы заморыши просто отребье	1	Поколение 90х мы то как раз выживет а вот вы	906	false				https://platform.toloka.ai/task/41793355/00027db74b--652cb739a8ebdc7126e04620	00027db74b--652c72bca8ebdc7126d2406e	00027db74b--652cb739a8ebdc7126e04620	00027db74b--652cb739a8ebdc7126e0461e	df7953e320175d63cad5f8c41aca3515	APPROVED	2023-10-16T04:08:25.621	2023-10-16T04:10:20.913	2023-10-16T04:10:20.913	0.0300000000
578	Всё правильно делают! Если русские терпилы и куколды, то хоть якуты мамбетов на место поставят.	1	Всë правильно! Если русские терпят, то хоть якуты мамбетов смогут поставить на место.	393	true				https://platform.toloka.ai/task/41793355/00027db74b--652cb739a8ebdc7126e04620	00027db74b--652c72bea8ebdc7126d2434f	00027db74b--652cb739a8ebdc7126e04620	00027db74b--652cb739a8ebdc7126e0461e	df7953e320175d63cad5f8c41aca3515	APPROVED	2023-10-16T04:08:25.621	2023-10-16T04:10:20.913	2023-10-16T04:10:20.913	0.0300000000
578	Всё правильно делают! Если русские терпилы и куколды, то хоть якуты мамбетов на место поставят.	1	Всë правильно! Если русские терпят, то хоть якуты мамбетов смогут поставить на место.	393	true				https://platform.toloka.ai/task/41793355/00027db74b--652cb7544f14b96d9b2e26b0	00027db74b--652c72bea8ebdc7126d2434f	00027db74b--652cb7544f14b96d9b2e26b0	00027db74b--652cb7544f14b96d9b2e26a5	b39e8d20875fb4c1819aecc154f71d72	APPROVED	2023-10-16T04:08:52.179	2023-10-16T04:09:18.478	2023-10-16T04:09:18.478	0.0300000000
760	жополиз путинский тварь продажная ему на россию плевать простые люди для наго ничто	1	Ему на Россию всеравно, простые люди для него никто	685	true				https://platform.toloka.ai/task/41793355/00027db74b--652cb7544f14b96d9b2e26b0	00027db74b--652c72bfa8ebdc7126d24524	00027db74b--652cb7544f14b96d9b2e26b0	00027db74b--652cb7544f14b96d9b2e26a5	b39e8d20875fb4c1819aecc154f71d72	APPROVED	2023-10-16T04:08:52.179	2023-10-16T04:09:18.478	2023-10-16T04:09:18.478	0.0300000000
18	да не женщины виноваты это мужики уроды сейчас пошли	control	Не женщины виноваты, а мужчины сейчас такие.	405	true	true			https://platform.toloka.ai/task/41793355/00027db74b--652cb7544f14b96d9b2e26b0	00027db74b--652c722467632923dd5e6786	00027db74b--652cb7544f14b96d9b2e26b0	00027db74b--652cb7544f14b96d9b2e26a5	b39e8d20875fb4c1819aecc154f71d72	APPROVED	2023-10-16T04:08:52.179	2023-10-16T04:09:18.478	2023-10-16T04:09:18.478	0.0300000000
56	как вы суки хочете чтоб россия напала и завоевала, чтоб вас тварей потом кормить.	1	как вы хотите, чтобы Россия напала и завоевала, чтоб вас потом кормить.	877	true				https://platform.toloka.ai/task/41793355/00027db74b--652cb770f304820cdb601da4	00027db74b--652c72baa8ebdc7126d23ea6	00027db74b--652cb770f304820cdb601da4	00027db74b--652cb76ff304820cdb601d9f	b39e8d20875fb4c1819aecc154f71d72	APPROVED	2023-10-16T04:09:20.115	2023-10-16T04:09:46.650	2023-10-16T04:09:46.650	0.0300000000
26	все бухают, но не все же пидарасы!?!?	control	все пьют, но не все же гомосексуалисты	438	false	false			https://platform.toloka.ai/task/41793355/00027db74b--652cb770f304820cdb601da4	00027db74b--652c722467632923dd5e679a	00027db74b--652cb770f304820cdb601da4	00027db74b--652cb76ff304820cdb601d9f	b39e8d20875fb4c1819aecc154f71d72	APPROVED	2023-10-16T04:09:20.115	2023-10-16T04:09:46.650	2023-10-16T04:09:46.650	0.0300000000
160	такого долбоебизма как в киеве не будет	1	такого, как в киеве, не будет.	198	false				https://platform.toloka.ai/task/41793355/00027db74b--652cb770f304820cdb601da4	00027db74b--652c72bba8ebdc7126d23fa7	00027db74b--652cb770f304820cdb601da4	00027db74b--652cb76ff304820cdb601d9f	b39e8d20875fb4c1819aecc154f71d72	APPROVED	2023-10-16T04:09:20.115	2023-10-16T04:09:46.650	2023-10-16T04:09:46.650	0.0300000000
1	а ты чмо там был.ты вообще служил.гандон	1	А ты там был? Ты вообще служил?	423	true				https://platform.toloka.ai/task/41793355/00027db74b--652cb78cf304820cdb602567	00027db74b--652c72baa8ebdc7126d23e2c	00027db74b--652cb78cf304820cdb602567	00027db74b--652cb78cf304820cdb602560	b39e8d20875fb4c1819aecc154f71d72	APPROVED	2023-10-16T04:09:48.242	2023-10-16T04:10:13.010	2023-10-16T04:10:13.010	0.0300000000
7	водила молодец при любой скорости попробуй эту дуру останови а родителей этих детей напиздить надо	control	Водитель молодец! Очень тяжело остановить такую большую машину.А родителям урок! Так нельзя!	279	true	true			https://platform.toloka.ai/task/41793355/00027db74b--652cb78cf304820cdb602567	00027db74b--652c722467632923dd5e676c	00027db74b--652cb78cf304820cdb602567	00027db74b--652cb78cf304820cdb602560	b39e8d20875fb4c1819aecc154f71d72	APPROVED	2023-10-16T04:09:48.242	2023-10-16T04:10:13.010	2023-10-16T04:10:13.010	0.0300000000
364	тварь кинула в чёрный список а теперь подарки шлёшь, блядина	1	Кинула в черный список, а теперь подарки шлёшь	797	true				https://platform.toloka.ai/task/41793355/00027db74b--652cb78cf304820cdb602567	00027db74b--652c72bda8ebdc7126d24164	00027db74b--652cb78cf304820cdb602567	00027db74b--652cb78cf304820cdb602560	b39e8d20875fb4c1819aecc154f71d72	APPROVED	2023-10-16T04:09:48.242	2023-10-16T04:10:13.010	2023-10-16T04:10:13.010	0.0300000000
787	учителю заплатили что бы ублюдок во второй класс не попал	1	Учителю заплатили чтобы он во второй класс не попал	887	true				https://platform.toloka.ai/task/41793355/00027db74b--652cb7aea8ebdc7126e06299	00027db74b--652c72c0a8ebdc7126d2455d	00027db74b--652cb7aea8ebdc7126e06299	00027db74b--652cb7aea8ebdc7126e06295	df7953e320175d63cad5f8c41aca3515	APPROVED	2023-10-16T04:10:22.715	2023-10-16T04:11:51.760	2023-10-16T04:11:51.760	0.0300000000
52	ясен хуй!!!с какого он должен снижаться то...куда нахуй маски со своего заводика продавать будет!!!мрази!!!ни дна вам ни покрышки!!!ублюдки!!!	1	Естественно!! Почему он должен снижаться то... Куда маски со своего заводика продавать будет!!! Ни дна вам ни покрышки!!!	272	true				https://platform.toloka.ai/task/41793355/00027db74b--652cb7aea8ebdc7126e06299	00027db74b--652c72baa8ebdc7126d23e9d	00027db74b--652cb7aea8ebdc7126e06299	00027db74b--652cb7aea8ebdc7126e06295	df7953e320175d63cad5f8c41aca3515	APPROVED	2023-10-16T04:10:22.715	2023-10-16T04:11:51.760	2023-10-16T04:11:51.760	0.0300000000
8	внатури пидор по другому не назовешь	control	Этого человека сложно назвать цензурным словом	455	false	true			https://platform.toloka.ai/task/41793355/00027db74b--652cb7aea8ebdc7126e06299	00027db74b--652c722467632923dd5e676e	00027db74b--652cb7aea8ebdc7126e06299	00027db74b--652cb7aea8ebdc7126e06295	df7953e320175d63cad5f8c41aca3515	APPROVED	2023-10-16T04:10:22.715	2023-10-16T04:11:51.760	2023-10-16T04:11:51.760	0.0300000000
364	тварь кинула в чёрный список а теперь подарки шлёшь, блядина	1	Кинула в черный список, а теперь подарки шлёшь	797	true				https://platform.toloka.ai/task/41793355/00027db74b--652cb8134f14b96d9b2e5813	00027db74b--652c72bda8ebdc7126d24164	00027db74b--652cb8134f14b96d9b2e5813	00027db74b--652cb8134f14b96d9b2e580c	df7953e320175d63cad5f8c41aca3515	APPROVED	2023-10-16T04:12:03.997	2023-10-16T04:13:33.126	2023-10-16T04:13:33.126	0.0300000000
29	￼да такую хуйню только баба могла написать	control	Этот текст писала женщина	731	true	false			https://platform.toloka.ai/task/41793355/00027db74b--652cb8134f14b96d9b2e5813	00027db74b--652c722467632923dd5e67a0	00027db74b--652cb8134f14b96d9b2e5813	00027db74b--652cb8134f14b96d9b2e580c	df7953e320175d63cad5f8c41aca3515	APPROVED	2023-10-16T04:12:03.997	2023-10-16T04:13:33.126	2023-10-16T04:13:33.126	0.0300000000
545	да, номера наши по ходу. а вот то что наши чмошники перенимают всёдозволеность как у матрасников, это не отнять.	1	да, номера наши по ходу. а вот то что наши  перенимают всёдозволеность как у матрасников, это не отнять.	310	true				https://platform.toloka.ai/task/41793355/00027db74b--652cb8134f14b96d9b2e5813	00027db74b--652c72bea8ebdc7126d24308	00027db74b--652cb8134f14b96d9b2e5813	00027db74b--652cb8134f14b96d9b2e580c	df7953e320175d63cad5f8c41aca3515	APPROVED	2023-10-16T04:12:03.997	2023-10-16T04:13:33.126	2023-10-16T04:13:33.126	0.0300000000
787	учителю заплатили что бы ублюдок во второй класс не попал	1	Учителю заплатили чтобы он во второй класс не попал	887	false				https://platform.toloka.ai/task/41793355/00027db74b--652cbc494f14b96d9b2f554f	00027db74b--652c72c0a8ebdc7126d2455d	00027db74b--652cbc494f14b96d9b2f554f	00027db74b--652cbc494f14b96d9b2f554d	c06c055e29b73b79e79b3b8aacad57a1	APPROVED	2023-10-16T04:30:01.734	2023-10-16T04:30:42.270	2023-10-16T04:30:42.270	0.0300000000
578	Всё правильно делают! Если русские терпилы и куколды, то хоть якуты мамбетов на место поставят.	1	Всë правильно! Если русские терпят, то хоть якуты мамбетов смогут поставить на место.	393	true				https://platform.toloka.ai/task/41793355/00027db74b--652cbc494f14b96d9b2f554f	00027db74b--652c72bea8ebdc7126d2434f	00027db74b--652cbc494f14b96d9b2f554f	00027db74b--652cbc494f14b96d9b2f554d	c06c055e29b73b79e79b3b8aacad57a1	APPROVED	2023-10-16T04:30:01.734	2023-10-16T04:30:42.270	2023-10-16T04:30:42.270	0.0300000000
11	вы что , ебанулились совсем ебучие модераторы????????	control	Вы с ума там сошли,модераторы?	440	true	true			https://platform.toloka.ai/task/41793355/00027db74b--652cbc494f14b96d9b2f554f	00027db74b--652c722467632923dd5e6776	00027db74b--652cbc494f14b96d9b2f554f	00027db74b--652cbc494f14b96d9b2f554d	c06c055e29b73b79e79b3b8aacad57a1	APPROVED	2023-10-16T04:30:01.734	2023-10-16T04:30:42.270	2023-10-16T04:30:42.270	0.0300000000
364	тварь кинула в чёрный список а теперь подарки шлёшь, блядина	1	Кинула в черный список, а теперь подарки шлёшь	797	true				https://platform.toloka.ai/task/41793355/00027db74b--652cbc749404dc38e66a2bb5	00027db74b--652c72bda8ebdc7126d24164	00027db74b--652cbc749404dc38e66a2bb5	00027db74b--652cbc749404dc38e66a2bb2	c06c055e29b73b79e79b3b8aacad57a1	APPROVED	2023-10-16T04:30:44.115	2023-10-16T04:31:29.815	2023-10-16T04:31:29.815	0.0300000000
27	выселить суку из крыма. но не в россию.	control	Но не в Россию	674	false	false			https://platform.toloka.ai/task/41793355/00027db74b--652cbc749404dc38e66a2bb5	00027db74b--652c722467632923dd5e679c	00027db74b--652cbc749404dc38e66a2bb5	00027db74b--652cbc749404dc38e66a2bb2	c06c055e29b73b79e79b3b8aacad57a1	APPROVED	2023-10-16T04:30:44.115	2023-10-16T04:31:29.815	2023-10-16T04:31:29.815	0.0300000000
391	а у вовочки такая блядская семейка, что взяли хрен вернут:d	1	А у вовочки такая семейка, что взяли не вернут	368	true				https://platform.toloka.ai/task/41793355/00027db74b--652cbc749404dc38e66a2bb5	00027db74b--652c72bda8ebdc7126d2419a	00027db74b--652cbc749404dc38e66a2bb5	00027db74b--652cbc749404dc38e66a2bb2	c06c055e29b73b79e79b3b8aacad57a1	APPROVED	2023-10-16T04:30:44.115	2023-10-16T04:31:29.815	2023-10-16T04:31:29.815	0.0300000000
18	да не женщины виноваты это мужики уроды сейчас пошли	control	Не женщины виноваты, а мужчины сейчас такие.	405	true	true			https://platform.toloka.ai/task/41793355/00027db74b--652cbca3fd53d71b2186f52d	00027db74b--652c722467632923dd5e6786	00027db74b--652cbca3fd53d71b2186f52d	00027db74b--652cbca3fd53d71b2186f528	c06c055e29b73b79e79b3b8aacad57a1	APPROVED	2023-10-16T04:31:31.556	2023-10-16T04:32:13.289	2023-10-16T04:32:13.289	0.0300000000
1	а ты чмо там был.ты вообще служил.гандон	1	А ты там был? Ты вообще служил?	423	true				https://platform.toloka.ai/task/41793355/00027db74b--652cbca3fd53d71b2186f52d	00027db74b--652c72baa8ebdc7126d23e2c	00027db74b--652cbca3fd53d71b2186f52d	00027db74b--652cbca3fd53d71b2186f528	c06c055e29b73b79e79b3b8aacad57a1	APPROVED	2023-10-16T04:31:31.556	2023-10-16T04:32:13.289	2023-10-16T04:32:13.289	0.0300000000
266	В мясе нет крови, тупая пидораха	1	В мясе нет крови	726	true				https://platform.toloka.ai/task/41793355/00027db74b--652cbca3fd53d71b2186f52d	00027db74b--652c72bca8ebdc7126d2408e	00027db74b--652cbca3fd53d71b2186f52d	00027db74b--652cbca3fd53d71b2186f528	c06c055e29b73b79e79b3b8aacad57a1	APPROVED	2023-10-16T04:31:31.556	2023-10-16T04:32:13.289	2023-10-16T04:32:13.289	0.0300000000
710	еще бы в октябре блядь открыл придурок .	1	Ещё бы в октябре открыл	581	true				https://platform.toloka.ai/task/41793355/00027db74b--652cbccef304820cdb6158e5	00027db74b--652c72bfa8ebdc7126d244ba	00027db74b--652cbccef304820cdb6158e5	00027db74b--652cbccef304820cdb6158e3	c06c055e29b73b79e79b3b8aacad57a1	APPROVED	2023-10-16T04:32:14.737	2023-10-16T04:33:00.580	2023-10-16T04:33:00.580	0.0320000000
1	блин в каком говне мы находимся.	control	мы находимся в весьма печальном положении	423	true	true			https://platform.toloka.ai/task/41793355/00027db74b--652cbccef304820cdb6158e5	00027db74b--652c722467632923dd5e6761	00027db74b--652cbccef304820cdb6158e5	00027db74b--652cbccef304820cdb6158e3	c06c055e29b73b79e79b3b8aacad57a1	APPROVED	2023-10-16T04:32:14.737	2023-10-16T04:33:00.580	2023-10-16T04:33:00.580	0.0320000000
144	осторожно мошенники,эта тварь гуляет по интернету и обманывает людей,этот товар белорусской фабрики и стоит он от 4000 руб.	1	осторожно мошенники,эти люди  гуляют по интернету и обманывают людей,этот товар белорусской фабрики и стоит он от 4000 руб.	974	false				https://platform.toloka.ai/task/41793355/00027db74b--652cbccef304820cdb6158e5	00027db74b--652c72bba8ebdc7126d23f86	00027db74b--652cbccef304820cdb6158e5	00027db74b--652cbccef304820cdb6158e3	c06c055e29b73b79e79b3b8aacad57a1	APPROVED	2023-10-16T04:32:14.737	2023-10-16T04:33:00.580	2023-10-16T04:33:00.580	0.0320000000
114	да ты бабуля уже всем нахамила, кому только было возможно. это твой образ жизни, быдлячий. искренне сочувствую домашним.	1	Бабушка, Вы уже всем нахамили, кому только было возможно. Это Ваш образ жизни, искренне сочувствую домашним.	55	true				https://platform.toloka.ai/task/41793355/00027db74b--652cbcfe67632923dd6f5160	00027db74b--652c72bba8ebdc7126d23f44	00027db74b--652cbcfe67632923dd6f5160	00027db74b--652cbcfe67632923dd6f515d	c06c055e29b73b79e79b3b8aacad57a1	APPROVED	2023-10-16T04:33:02.231	2023-10-16T04:33:56.034	2023-10-16T04:33:56.034	0.0320000000
19	да он ахриневший футболист. не доигрывает но просит дохуя денег	control	Он зазнавшийся футболист. Не доигрывает, но просит колоссальных денег.	187	true	true			https://platform.toloka.ai/task/41793355/00027db74b--652cbcfe67632923dd6f5160	00027db74b--652c722467632923dd5e6788	00027db74b--652cbcfe67632923dd6f5160	00027db74b--652cbcfe67632923dd6f515d	c06c055e29b73b79e79b3b8aacad57a1	APPROVED	2023-10-16T04:33:02.231	2023-10-16T04:33:56.034	2023-10-16T04:33:56.034	0.0320000000
406	надо как в саудовской аравии голову отрубить при честном народе ублюдку я убежден что он пьяный был сволочь ...	1	надо как в саудовской аравии наказать при честном народе, я убежден что он пьяный был	768	true				https://platform.toloka.ai/task/41793355/00027db74b--652cbcfe67632923dd6f5160	00027db74b--652c72bda8ebdc7126d241cf	00027db74b--652cbcfe67632923dd6f5160	00027db74b--652cbcfe67632923dd6f515d	c06c055e29b73b79e79b3b8aacad57a1	APPROVED	2023-10-16T04:33:02.231	2023-10-16T04:33:56.034	2023-10-16T04:33:56.034	0.0320000000
56	как вы суки хочете чтоб россия напала и завоевала, чтоб вас тварей потом кормить.	1	как вы хотите, чтобы Россия напала и завоевала, чтоб вас потом кормить.	877	true				https://platform.toloka.ai/task/41793355/00027db74b--652cbd374f14b96d9b2f82a2	00027db74b--652c72baa8ebdc7126d23ea6	00027db74b--652cbd374f14b96d9b2f82a2	00027db74b--652cbd374f14b96d9b2f82a0	c06c055e29b73b79e79b3b8aacad57a1	APPROVED	2023-10-16T04:33:59.251	2023-10-16T04:34:40.012	2023-10-16T04:34:40.012	0.0320000000
10	вы дауны всегда лопается возле шва	control	Всегда лопается возле шва	739	true	true			https://platform.toloka.ai/task/41793355/00027db74b--652cbd374f14b96d9b2f82a2	00027db74b--652c722467632923dd5e6774	00027db74b--652cbd374f14b96d9b2f82a2	00027db74b--652cbd374f14b96d9b2f82a0	c06c055e29b73b79e79b3b8aacad57a1	APPROVED	2023-10-16T04:33:59.251	2023-10-16T04:34:40.012	2023-10-16T04:34:40.012	0.0320000000
213	...или пиздабольши , скорее всего !	1	или вруньи скорее всего	388	true				https://platform.toloka.ai/task/41793355/00027db74b--652cbd374f14b96d9b2f82a2	00027db74b--652c72bca8ebdc7126d24020	00027db74b--652cbd374f14b96d9b2f82a2	00027db74b--652cbd374f14b96d9b2f82a0	c06c055e29b73b79e79b3b8aacad57a1	APPROVED	2023-10-16T04:33:59.251	2023-10-16T04:34:40.012	2023-10-16T04:34:40.012	0.0320000000
31	долбаёбы - митингуют, а умные читают предвыборнный план кандидата от опозиции	control	одни митингуют ,а другие предвыборные планы читают	981	false	false			https://platform.toloka.ai/task/41793355/00027db74b--652cbd61f304820cdb618391	00027db74b--652c722467632923dd5e67a4	00027db74b--652cbd61f304820cdb618391	00027db74b--652cbd61f304820cdb61838e	c06c055e29b73b79e79b3b8aacad57a1	APPROVED	2023-10-16T04:34:41.445	2023-10-16T04:35:28.969	2023-10-16T04:35:28.969	0.0320000000
52	ясен хуй!!!с какого он должен снижаться то...куда нахуй маски со своего заводика продавать будет!!!мрази!!!ни дна вам ни покрышки!!!ублюдки!!!	1	Естественно!! Почему он должен снижаться то... Куда маски со своего заводика продавать будет!!! Ни дна вам ни покрышки!!!	272	true				https://platform.toloka.ai/task/41793355/00027db74b--652cbd61f304820cdb618391	00027db74b--652c72baa8ebdc7126d23e9d	00027db74b--652cbd61f304820cdb618391	00027db74b--652cbd61f304820cdb61838e	c06c055e29b73b79e79b3b8aacad57a1	APPROVED	2023-10-16T04:34:41.445	2023-10-16T04:35:28.969	2023-10-16T04:35:28.969	0.0320000000
441	но у пидарасов все всегда через жопу	1	У них все не как у людей	252	true				https://platform.toloka.ai/task/41793355/00027db74b--652cbd61f304820cdb618391	00027db74b--652c72bda8ebdc7126d2421f	00027db74b--652cbd61f304820cdb618391	00027db74b--652cbd61f304820cdb61838e	c06c055e29b73b79e79b3b8aacad57a1	APPROVED	2023-10-16T04:34:41.445	2023-10-16T04:35:28.969	2023-10-16T04:35:28.969	0.0320000000
38	классно фигура до утра трахнул был 🤟	control	классно фигура до утра	205	false	false			https://platform.toloka.ai/task/41793355/00027db74b--652cbd924f14b96d9b2f93c2	00027db74b--652c722467632923dd5e67b4	00027db74b--652cbd924f14b96d9b2f93c2	00027db74b--652cbd924f14b96d9b2f93bc	c06c055e29b73b79e79b3b8aacad57a1	APPROVED	2023-10-16T04:35:30.463	2023-10-16T04:36:11.595	2023-10-16T04:36:11.595	0.0320000000
298	какой идиот это составил? а я еще больший идиот, поскольку отвлекаюсь на эту ху..ю!	1	Кто вообще это составил? а я еще неразумнее, поскольку отвлекаюсь на эту чепуху!	506	true				https://platform.toloka.ai/task/41793355/00027db74b--652cbd924f14b96d9b2f93c2	00027db74b--652c72bca8ebdc7126d240cf	00027db74b--652cbd924f14b96d9b2f93c2	00027db74b--652cbd924f14b96d9b2f93bc	c06c055e29b73b79e79b3b8aacad57a1	APPROVED	2023-10-16T04:35:30.463	2023-10-16T04:36:11.595	2023-10-16T04:36:11.595	0.0320000000
153	вот был талант неспорю! а сейчас понобрали хуеплетов деньги платят а хули толку!	1	Вот это был бесспорный талант! А не то что сейчас, работают ради денег.	453	true				https://platform.toloka.ai/task/41793355/00027db74b--652cbd924f14b96d9b2f93c2	00027db74b--652c72bba8ebdc7126d23f98	00027db74b--652cbd924f14b96d9b2f93c2	00027db74b--652cbd924f14b96d9b2f93bc	c06c055e29b73b79e79b3b8aacad57a1	APPROVED	2023-10-16T04:35:30.463	2023-10-16T04:36:11.595	2023-10-16T04:36:11.595	0.0320000000
368	и не слушать всякое блядво западенское .	1	и не слушать всякие речи западные	670	true				https://platform.toloka.ai/task/41793355/00027db74b--652cbdbdfd53d71b21872da4	00027db74b--652c72bda8ebdc7126d2416c	00027db74b--652cbdbdfd53d71b21872da4	00027db74b--652cbdbdfd53d71b21872da1	c06c055e29b73b79e79b3b8aacad57a1	APPROVED	2023-10-16T04:36:13.158	2023-10-16T04:36:58.760	2023-10-16T04:36:58.760	0.0320000000
376	вы блять сперва старых садиков проверьте,	1	Вы сперва старых садиков проверьте	21	true				https://platform.toloka.ai/task/41793355/00027db74b--652cbdbdfd53d71b21872da4	00027db74b--652c72bda8ebdc7126d2417c	00027db74b--652cbdbdfd53d71b21872da4	00027db74b--652cbdbdfd53d71b21872da1	c06c055e29b73b79e79b3b8aacad57a1	APPROVED	2023-10-16T04:36:13.158	2023-10-16T04:36:58.760	2023-10-16T04:36:58.760	0.0320000000
41	пёсик ахуел,надож кто-то её ебёт...	control	Пёсик уехал	568	false	false			https://platform.toloka.ai/task/41793355/00027db74b--652cbdbdfd53d71b21872da4	00027db74b--652c722467632923dd5e67bc	00027db74b--652cbdbdfd53d71b21872da4	00027db74b--652cbdbdfd53d71b21872da1	c06c055e29b73b79e79b3b8aacad57a1	APPROVED	2023-10-16T04:36:13.158	2023-10-16T04:36:58.760	2023-10-16T04:36:58.760	0.0320000000
22	а мы просим тебя иди нахуй	1	А мы просим Тебя уйти	864	true				https://platform.toloka.ai/task/41793355/00027db74b--652cbdecb807d273d2535aec	00027db74b--652c72baa8ebdc7126d23e58	00027db74b--652cbdecb807d273d2535aec	00027db74b--652cbdecb807d273d2535ae9	c06c055e29b73b79e79b3b8aacad57a1	APPROVED	2023-10-16T04:37:00.540	2023-10-16T04:37:41.308	2023-10-16T04:37:41.308	0.0320000000
399	Когда чмо начинает кукарекать про отсутствие прогресса - он тупо занимается софистикой ради софистики	1	Когда человек начинает говорить про отсутствие прогресса - он занимается софистикой ради софистики	240	true				https://platform.toloka.ai/task/41793355/00027db74b--652cbdecb807d273d2535aec	00027db74b--652c72bda8ebdc7126d241ac	00027db74b--652cbdecb807d273d2535aec	00027db74b--652cbdecb807d273d2535ae9	c06c055e29b73b79e79b3b8aacad57a1	APPROVED	2023-10-16T04:37:00.540	2023-10-16T04:37:41.308	2023-10-16T04:37:41.308	0.0320000000
20	да кто вас спрашивать то будет. а лизунов засунуть туда где они лизали.	control	Вашим мнением никто не интересуется	66	true	true			https://platform.toloka.ai/task/41793355/00027db74b--652cbdecb807d273d2535aec	00027db74b--652c722467632923dd5e678b	00027db74b--652cbdecb807d273d2535aec	00027db74b--652cbdecb807d273d2535ae9	c06c055e29b73b79e79b3b8aacad57a1	APPROVED	2023-10-16T04:37:00.540	2023-10-16T04:37:41.308	2023-10-16T04:37:41.308	0.0320000000
738	такие же чувства пидоры эти спортсмены как и наши, которые в думе сидят.	1	Такие же чувства ,плохие эти спортсмены,как и наши,которые в думе сидят	140	true				https://platform.toloka.ai/task/41793355/00027db74b--652cbe194f14b96d9b2fae82	00027db74b--652c72bfa8ebdc7126d244f8	00027db74b--652cbe194f14b96d9b2fae82	00027db74b--652cbe184f14b96d9b2fae80	c06c055e29b73b79e79b3b8aacad57a1	APPROVED	2023-10-16T04:37:45.018	2023-10-16T04:38:31.054	2023-10-16T04:38:31.054	0.0320000000
39	на украине много безмозглых пидорасов, навроде тебя😏	control	На Украине есть и хорошие люди, в отличие от тебя	772	false	false			https://platform.toloka.ai/task/41793355/00027db74b--652cbe194f14b96d9b2fae82	00027db74b--652c722467632923dd5e67b8	00027db74b--652cbe194f14b96d9b2fae82	00027db74b--652cbe184f14b96d9b2fae80	c06c055e29b73b79e79b3b8aacad57a1	APPROVED	2023-10-16T04:37:45.018	2023-10-16T04:38:31.054	2023-10-16T04:38:31.054	0.0320000000
594	Ох ебать,не думал,что КОБовцы еще живы. Я думал,что они вымерли в конце 2000ых	1	Думал, что КОБовцы иссякли в конце 2000х. Удивлен	690	true				https://platform.toloka.ai/task/41793355/00027db74b--652cbe194f14b96d9b2fae82	00027db74b--652c72bea8ebdc7126d24372	00027db74b--652cbe194f14b96d9b2fae82	00027db74b--652cbe184f14b96d9b2fae80	c06c055e29b73b79e79b3b8aacad57a1	APPROVED	2023-10-16T04:37:45.018	2023-10-16T04:38:31.054	2023-10-16T04:38:31.054	0.0320000000
545	да, номера наши по ходу. а вот то что наши чмошники перенимают всёдозволеность как у матрасников, это не отнять.	1	да, номера наши по ходу. а вот то что наши  перенимают всёдозволеность как у матрасников, это не отнять.	310	true				https://platform.toloka.ai/task/41793355/00027db74b--652cbe49e013ff63cffcf4a1	00027db74b--652c72bea8ebdc7126d24308	00027db74b--652cbe49e013ff63cffcf4a1	00027db74b--652cbe48e013ff63cffcf49e	c06c055e29b73b79e79b3b8aacad57a1	APPROVED	2023-10-16T04:38:33.001	2023-10-16T04:39:14.399	2023-10-16T04:39:14.399	0.0320000000
40	остальная страна ссыкуны и быдло.	control	остальные страны плохие	235	false	false			https://platform.toloka.ai/task/41793355/00027db74b--652cbe49e013ff63cffcf4a1	00027db74b--652c722467632923dd5e67ba	00027db74b--652cbe49e013ff63cffcf4a1	00027db74b--652cbe48e013ff63cffcf49e	c06c055e29b73b79e79b3b8aacad57a1	APPROVED	2023-10-16T04:38:33.001	2023-10-16T04:39:14.399	2023-10-16T04:39:14.399	0.0320000000
455	ты знаешь что с тобой будет сучка	1	ты знаешь что с тобой будет	717	true				https://platform.toloka.ai/task/41793355/00027db74b--652cbe49e013ff63cffcf4a1	00027db74b--652c72bda8ebdc7126d2423b	00027db74b--652cbe49e013ff63cffcf4a1	00027db74b--652cbe48e013ff63cffcf49e	c06c055e29b73b79e79b3b8aacad57a1	APPROVED	2023-10-16T04:38:33.001	2023-10-16T04:39:14.399	2023-10-16T04:39:14.399	0.0320000000
213	...или пиздабольши , скорее всего !	1	или вруньи скорее всего	388	true				https://platform.toloka.ai/task/41793355/00027db74b--652cbe639404dc38e66a936e	00027db74b--652c72bca8ebdc7126d24020	00027db74b--652cbe639404dc38e66a936e	00027db74b--652cbe639404dc38e66a936a	2a6c421dedd418c7ad1b5790587cbd54	APPROVED	2023-10-16T04:38:59.805	2023-10-16T04:39:39.209	2023-10-16T04:39:39.209	0.0300000000
26	все бухают, но не все же пидарасы!?!?	control	все пьют, но не все же гомосексуалисты	438	true	false			https://platform.toloka.ai/task/41793355/00027db74b--652cbe639404dc38e66a936e	00027db74b--652c722467632923dd5e679a	00027db74b--652cbe639404dc38e66a936e	00027db74b--652cbe639404dc38e66a936a	2a6c421dedd418c7ad1b5790587cbd54	APPROVED	2023-10-16T04:38:59.805	2023-10-16T04:39:39.209	2023-10-16T04:39:39.209	0.0300000000
144	осторожно мошенники,эта тварь гуляет по интернету и обманывает людей,этот товар белорусской фабрики и стоит он от 4000 руб.	1	осторожно мошенники,эти люди  гуляют по интернету и обманывают людей,этот товар белорусской фабрики и стоит он от 4000 руб.	974	true				https://platform.toloka.ai/task/41793355/00027db74b--652cbe639404dc38e66a936e	00027db74b--652c72bba8ebdc7126d23f86	00027db74b--652cbe639404dc38e66a936e	00027db74b--652cbe639404dc38e66a936a	2a6c421dedd418c7ad1b5790587cbd54	APPROVED	2023-10-16T04:38:59.805	2023-10-16T04:39:39.209	2023-10-16T04:39:39.209	0.0300000000
251	проёбаное поколение 90-х мы то как раз выживем а вот вы заморыши просто отребье	1	Поколение 90х мы то как раз выживет а вот вы	906	false				https://platform.toloka.ai/task/41793355/00027db74b--652cbe744f14b96d9b2fc01f	00027db74b--652c72bca8ebdc7126d2406e	00027db74b--652cbe744f14b96d9b2fc01f	00027db74b--652cbe744f14b96d9b2fc01b	c06c055e29b73b79e79b3b8aacad57a1	APPROVED	2023-10-16T04:39:16.472	2023-10-16T04:40:02.506	2023-10-16T04:40:02.506	0.0320000000
749	это в какой же стране? ну-ка расскажи нам, жопа зассаная	1	Это в какой же стране? Ну-ка расскажи нам	570	true				https://platform.toloka.ai/task/41793355/00027db74b--652cbe744f14b96d9b2fc01f	00027db74b--652c72bfa8ebdc7126d2450e	00027db74b--652cbe744f14b96d9b2fc01f	00027db74b--652cbe744f14b96d9b2fc01b	c06c055e29b73b79e79b3b8aacad57a1	APPROVED	2023-10-16T04:39:16.472	2023-10-16T04:40:02.506	2023-10-16T04:40:02.506	0.0320000000
33	женишок то мой тут гад	control	Жених тут мой	408	true	false			https://platform.toloka.ai/task/41793355/00027db74b--652cbe744f14b96d9b2fc01f	00027db74b--652c722467632923dd5e67a8	00027db74b--652cbe744f14b96d9b2fc01f	00027db74b--652cbe744f14b96d9b2fc01b	c06c055e29b73b79e79b3b8aacad57a1	APPROVED	2023-10-16T04:39:16.472	2023-10-16T04:40:02.506	2023-10-16T04:40:02.506	0.0320000000
404	жируют твари и над народом издеваются.	1	Хорошо живут и над народом издеваются.	616	true				https://platform.toloka.ai/task/41793355/00027db74b--652cbea49404dc38e66aa0f8	00027db74b--652c72bda8ebdc7126d241ca	00027db74b--652cbea49404dc38e66aa0f8	00027db74b--652cbea39404dc38e66aa0d0	c06c055e29b73b79e79b3b8aacad57a1	APPROVED	2023-10-16T04:40:04.044	2023-10-16T04:40:49.707	2023-10-16T04:40:49.707	0.0300000000
25	все бухают, но не все же пидарасы!?!?	control	Все пьют но не все же неформалы	610	true	false			https://platform.toloka.ai/task/41793355/00027db74b--652cbea49404dc38e66aa0f8	00027db74b--652c722467632923dd5e6798	00027db74b--652cbea49404dc38e66aa0f8	00027db74b--652cbea39404dc38e66aa0d0	c06c055e29b73b79e79b3b8aacad57a1	APPROVED	2023-10-16T04:40:04.044	2023-10-16T04:40:49.707	2023-10-16T04:40:49.707	0.0300000000
431	америка за бугром их в месте с выводком за яйца давно держит	1	америка за бугром их всех месте с детьми в узде давно держит	778	true				https://platform.toloka.ai/task/41793355/00027db74b--652cbea49404dc38e66aa0f8	00027db74b--652c72bda8ebdc7126d2420b	00027db74b--652cbea49404dc38e66aa0f8	00027db74b--652cbea39404dc38e66aa0d0	c06c055e29b73b79e79b3b8aacad57a1	APPROVED	2023-10-16T04:40:04.044	2023-10-16T04:40:49.707	2023-10-16T04:40:49.707	0.0300000000
9	все бухают, но не все же пидарасы!?!?	control	Все пьют, но не все же плохие	746	true	true			https://platform.toloka.ai/task/41793355/00027db74b--652cbed3fd53d71b2187774e	00027db74b--652c722467632923dd5e6770	00027db74b--652cbed3fd53d71b2187774e	00027db74b--652cbed3fd53d71b2187774b	c06c055e29b73b79e79b3b8aacad57a1	APPROVED	2023-10-16T04:40:51.487	2023-10-16T04:41:37.287	2023-10-16T04:41:37.287	0.0300000000
781	как обычно пидарасы всякие уйдут от ответственности ,ну убил и убил ,как они эти суки с этим живут	1	Люди совершившие преступления снова уйдут от ответственности, как после этого они живут	74	true				https://platform.toloka.ai/task/41793355/00027db74b--652cbed3fd53d71b2187774e	00027db74b--652c72c0a8ebdc7126d2454f	00027db74b--652cbed3fd53d71b2187774e	00027db74b--652cbed3fd53d71b2187774b	c06c055e29b73b79e79b3b8aacad57a1	APPROVED	2023-10-16T04:40:51.487	2023-10-16T04:41:37.287	2023-10-16T04:41:37.287	0.0300000000
105	блдь ... слов не хватает. вы о чём?	1	Слов не хватает о чем вы	158	true				https://platform.toloka.ai/task/41793355/00027db74b--652cbed3fd53d71b2187774e	00027db74b--652c72bba8ebdc7126d23f2f	00027db74b--652cbed3fd53d71b2187774e	00027db74b--652cbed3fd53d71b2187774b	c06c055e29b73b79e79b3b8aacad57a1	APPROVED	2023-10-16T04:40:51.487	2023-10-16T04:41:37.287	2023-10-16T04:41:37.287	0.0300000000
37	какая нахер красавица диспропорция лица, а взгляд как у джека потрашителя	control	У неё диспропорция тела и страшный взгляд-какая же она красавица?	532	true	false			https://platform.toloka.ai/task/41793355/00027db74b--652cbf0467632923dd6fb9c1	00027db74b--652c722467632923dd5e67b1	00027db74b--652cbf0467632923dd6fb9c1	00027db74b--652cbf0467632923dd6fb9bf	c06c055e29b73b79e79b3b8aacad57a1	APPROVED	2023-10-16T04:41:40.801	2023-10-16T04:42:21.975	2023-10-16T04:42:21.975	0.0300000000
504	таких нужно ка гниду давить.	1	С такими нужно бороться	947	true				https://platform.toloka.ai/task/41793355/00027db74b--652cbf0467632923dd6fb9c1	00027db74b--652c72bea8ebdc7126d242ad	00027db74b--652cbf0467632923dd6fb9c1	00027db74b--652cbf0467632923dd6fb9bf	c06c055e29b73b79e79b3b8aacad57a1	APPROVED	2023-10-16T04:41:40.801	2023-10-16T04:42:21.975	2023-10-16T04:42:21.975	0.0300000000
210	ну и второе и самое важное для европы и пендосов	1	Ну и второе и самое важное для европы и американцев.	482	true				https://platform.toloka.ai/task/41793355/00027db74b--652cbf0467632923dd6fb9c1	00027db74b--652c72bca8ebdc7126d2401a	00027db74b--652cbf0467632923dd6fb9c1	00027db74b--652cbf0467632923dd6fb9bf	c06c055e29b73b79e79b3b8aacad57a1	APPROVED	2023-10-16T04:41:40.801	2023-10-16T04:42:21.975	2023-10-16T04:42:21.975	0.0300000000
266	В мясе нет крови, тупая пидораха	1	В мясе нет крови	726	true				https://platform.toloka.ai/task/41793355/00027db74b--652cc3cfb807d273d2549ee0	00027db74b--652c72bca8ebdc7126d2408e	00027db74b--652cc3cfb807d273d2549ee0	00027db74b--652cc3ceb807d273d2549ede	073bd62168ce5464c20ecc4bb64091a2	APPROVED	2023-10-16T05:02:07.029	2023-10-16T05:04:23.204	2023-10-16T05:04:23.204	0.0300000000
213	...или пиздабольши , скорее всего !	1	или вруньи скорее всего	388	true				https://platform.toloka.ai/task/41793355/00027db74b--652cc3cfb807d273d2549ee0	00027db74b--652c72bca8ebdc7126d24020	00027db74b--652cc3cfb807d273d2549ee0	00027db74b--652cc3ceb807d273d2549ede	073bd62168ce5464c20ecc4bb64091a2	APPROVED	2023-10-16T05:02:07.029	2023-10-16T05:04:23.204	2023-10-16T05:04:23.204	0.0300000000
40	остальная страна ссыкуны и быдло.	control	остальные страны плохие	235	true	false			https://platform.toloka.ai/task/41793355/00027db74b--652cc3cfb807d273d2549ee0	00027db74b--652c722467632923dd5e67ba	00027db74b--652cc3cfb807d273d2549ee0	00027db74b--652cc3ceb807d273d2549ede	073bd62168ce5464c20ecc4bb64091a2	APPROVED	2023-10-16T05:02:07.029	2023-10-16T05:04:23.204	2023-10-16T05:04:23.204	0.0300000000
213	...или пиздабольши , скорее всего !	1	или вруньи скорее всего	388	true				https://platform.toloka.ai/task/41793355/00027db74b--652cc43bfd53d71b2188a305	00027db74b--652c72bca8ebdc7126d24020	00027db74b--652cc43bfd53d71b2188a305	00027db74b--652cc43bfd53d71b2188a302	d47f63c9e7ca015645da5ba9cbb8188b	APPROVED	2023-10-16T05:03:55.530	2023-10-16T05:04:31.320	2023-10-16T05:04:31.320	0.0300000000
