INPUT:idx	INPUT:task1_suite_id	INPUT:neutral_comment	INPUT:training_counter	OUTPUT:toxic	GOLDEN:toxic	HINT:text	HINT:default_language	ASSIGNMENT:link	ASSIGNMENT:task_id	ASSIGNMENT:assignment_id	ASSIGNMENT:task_suite_id	ASSIGNMENT:worker_id	ASSIGNMENT:status	ASSIGNMENT:started	ASSIGNMENT:submitted	ASSIGNMENT:accepted	ASSIGNMENT:reward
518	1	Зачем вообще эта дума нужна	1	false				https://platform.toloka.ai/task/41793133/00027db66d--652c6d259404dc38e65a3f7a	00027db66d--652c6aa0ac0d3c5e4b2bdcde	00027db66d--652c6d259404dc38e65a3f7a	00027db66d--652c6d259404dc38e65a3f78	6172cce8a382906f77a3d64bafdd3a27	APPROVED	2023-10-15T22:52:21.837	2023-10-15T22:52:43.876	2023-10-15T22:52:43.876	0.0300000000
243	1	неужели вы рассчитываете, что пойдя  работать на завод или на стройку или еще куда-то, вам будут платить миллиарды в долларах	1	false				https://platform.toloka.ai/task/41793133/00027db66d--652c6d259404dc38e65a3f7a	00027db66d--652c6a9cac0d3c5e4b2bda9b	00027db66d--652c6d259404dc38e65a3f7a	00027db66d--652c6d259404dc38e65a3f78	6172cce8a382906f77a3d64bafdd3a27	APPROVED	2023-10-15T22:52:21.837	2023-10-15T22:52:43.876	2023-10-15T22:52:43.876	0.0300000000
13	control	Админы, вы ненормальные из 500 прокруток не одного рейда что за правила нехорошие надо выходить из игры	1	true	false			https://platform.toloka.ai/task/41793133/00027db66d--652c6d259404dc38e65a3f7a	00027db66d--652c699d593a5b043e0227a3	00027db66d--652c6d259404dc38e65a3f7a	00027db66d--652c6d259404dc38e65a3f78	6172cce8a382906f77a3d64bafdd3a27	APPROVED	2023-10-15T22:52:21.837	2023-10-15T22:52:43.876	2023-10-15T22:52:43.876	0.0300000000
722	1	Когда Путин сказал, что Борис ельцин является для него примером-многие поняли, но только не ты	1	true				https://platform.toloka.ai/task/41793133/00027db66d--652c6de5f6de0d65d7ea0839	00027db66d--652c6aa2ac0d3c5e4b2bde7a	00027db66d--652c6de5f6de0d65d7ea0839	00027db66d--652c6de5f6de0d65d7ea0835	a1126b2bfda2760a6f6197a18de397fd	APPROVED	2023-10-15T22:55:33.386	2023-10-15T22:56:41.979	2023-10-15T22:56:41.979	0.0300000000
144	1	осторожно мошенники,эти люди  гуляют по интернету и обманывают людей,этот товар белорусской фабрики и стоит он от 4000 руб.	1	false				https://platform.toloka.ai/task/41793133/00027db66d--652c6de5f6de0d65d7ea0839	00027db66d--652c6a9bac0d3c5e4b2bd9c0	00027db66d--652c6de5f6de0d65d7ea0839	00027db66d--652c6de5f6de0d65d7ea0835	a1126b2bfda2760a6f6197a18de397fd	APPROVED	2023-10-15T22:55:33.386	2023-10-15T22:56:41.979	2023-10-15T22:56:41.979	0.0300000000
20	control	нет ещё, этот, фёдоров умный, а остальные глупые	1	true	false			https://platform.toloka.ai/task/41793133/00027db66d--652c6de5f6de0d65d7ea0839	00027db66d--652c699d593a5b043e0227b1	00027db66d--652c6de5f6de0d65d7ea0839	00027db66d--652c6de5f6de0d65d7ea0835	a1126b2bfda2760a6f6197a18de397fd	APPROVED	2023-10-15T22:55:33.386	2023-10-15T22:56:41.979	2023-10-15T22:56:41.979	0.0300000000
35	control	тренируйся чаще!! только не скачи высоко!	1	false	false			https://platform.toloka.ai/task/41793133/00027db66d--652c6e0f4f14b96d9b1f7d9f	00027db66d--652c699e593a5b043e0227cf	00027db66d--652c6e0f4f14b96d9b1f7d9f	00027db66d--652c6e0f4f14b96d9b1f7d99	d171b547bedef18946541e2a2a6ff829	APPROVED	2023-10-15T22:56:15.405	2023-10-15T22:56:46.316	2023-10-15T22:56:46.316	0.0300000000
586	1	потому что у нас такая власть и много людей , которые её поддерживает	1	false				https://platform.toloka.ai/task/41793133/00027db66d--652c6e0f4f14b96d9b1f7d9f	00027db66d--652c6aa0ac0d3c5e4b2bdd66	00027db66d--652c6e0f4f14b96d9b1f7d9f	00027db66d--652c6e0f4f14b96d9b1f7d99	d171b547bedef18946541e2a2a6ff829	APPROVED	2023-10-15T22:56:15.405	2023-10-15T22:56:46.316	2023-10-15T22:56:46.316	0.0300000000
539	1	Отругать надо... Историю не читают	1	false				https://platform.toloka.ai/task/41793133/00027db66d--652c6e0f4f14b96d9b1f7d9f	00027db66d--652c6aa0ac0d3c5e4b2bdd08	00027db66d--652c6e0f4f14b96d9b1f7d9f	00027db66d--652c6e0f4f14b96d9b1f7d99	d171b547bedef18946541e2a2a6ff829	APPROVED	2023-10-15T22:56:15.405	2023-10-15T22:56:46.316	2023-10-15T22:56:46.316	0.0300000000
40	control	Уйди с дороги россиян	1	false	false			https://platform.toloka.ai/task/41793133/00027db66d--652c6e239404dc38e65a68ee	00027db66d--652c699e593a5b043e0227d9	00027db66d--652c6e239404dc38e65a68ee	00027db66d--652c6e239404dc38e65a68ec	8a50cf7d0929d195fb5f1e22a890ae64	APPROVED	2023-10-15T22:56:35.482	2023-10-15T22:57:36.869	2023-10-15T22:57:36.869	0.0320000000
243	1	неужели вы рассчитываете, что пойдя  работать на завод или на стройку или еще куда-то, вам будут платить миллиарды в долларах	1	false				https://platform.toloka.ai/task/41793133/00027db66d--652c6e239404dc38e65a68ee	00027db66d--652c6a9cac0d3c5e4b2bda9b	00027db66d--652c6e239404dc38e65a68ee	00027db66d--652c6e239404dc38e65a68ec	8a50cf7d0929d195fb5f1e22a890ae64	APPROVED	2023-10-15T22:56:35.482	2023-10-15T22:57:36.869	2023-10-15T22:57:36.869	0.0320000000
144	1	осторожно мошенники,эти люди  гуляют по интернету и обманывают людей,этот товар белорусской фабрики и стоит он от 4000 руб.	1	false				https://platform.toloka.ai/task/41793133/00027db66d--652c6e239404dc38e65a68ee	00027db66d--652c6a9bac0d3c5e4b2bd9c0	00027db66d--652c6e239404dc38e65a68ee	00027db66d--652c6e239404dc38e65a68ec	8a50cf7d0929d195fb5f1e22a890ae64	APPROVED	2023-10-15T22:56:35.482	2023-10-15T22:57:36.869	2023-10-15T22:57:36.869	0.0320000000
645	1	Кто вообще что то знает	1	false				https://platform.toloka.ai/task/41793133/00027db66d--652c6e30e013ff63cfece121	00027db66d--652c6aa1ac0d3c5e4b2bddde	00027db66d--652c6e30e013ff63cfece121	00027db66d--652c6e30e013ff63cfece11d	d171b547bedef18946541e2a2a6ff829	APPROVED	2023-10-15T22:56:48.138	2023-10-15T22:57:18.763	2023-10-15T22:57:18.763	0.0300000000
382	1	я такую стройку впервые вижу.	1	false				https://platform.toloka.ai/task/41793133/00027db66d--652c6e30e013ff63cfece121	00027db66d--652c6a9eac0d3c5e4b2bdbca	00027db66d--652c6e30e013ff63cfece121	00027db66d--652c6e30e013ff63cfece11d	d171b547bedef18946541e2a2a6ff829	APPROVED	2023-10-15T22:56:48.138	2023-10-15T22:57:18.763	2023-10-15T22:57:18.763	0.0300000000
29	control	Не смешно-то так? Такую ерунду обычный бомж(городской сумасшедший) лучше делает, когда к прохожим пристает орет на них.	1	false	false			https://platform.toloka.ai/task/41793133/00027db66d--652c6e30e013ff63cfece121	00027db66d--652c699d593a5b043e0227c3	00027db66d--652c6e30e013ff63cfece121	00027db66d--652c6e30e013ff63cfece11d	d171b547bedef18946541e2a2a6ff829	APPROVED	2023-10-15T22:56:48.138	2023-10-15T22:57:18.763	2023-10-15T22:57:18.763	0.0300000000
518	1	Зачем вообще эта дума нужна	1	false				https://platform.toloka.ai/task/41793133/00027db66d--652c6e50f6de0d65d7ea1a53	00027db66d--652c6aa0ac0d3c5e4b2bdcde	00027db66d--652c6e50f6de0d65d7ea1a53	00027db66d--652c6e50f6de0d65d7ea1a49	d171b547bedef18946541e2a2a6ff829	APPROVED	2023-10-15T22:57:20.655	2023-10-15T22:57:51.264	2023-10-15T22:57:51.264	0.0300000000
34	1	Ты юрист или нет?	1	false				https://platform.toloka.ai/task/41793133/00027db66d--652c6e50f6de0d65d7ea1a53	00027db66d--652c6a9aac0d3c5e4b2bd8d9	00027db66d--652c6e50f6de0d65d7ea1a53	00027db66d--652c6e50f6de0d65d7ea1a49	d171b547bedef18946541e2a2a6ff829	APPROVED	2023-10-15T22:57:20.655	2023-10-15T22:57:51.264	2023-10-15T22:57:51.264	0.0300000000
19	control	Нечего отдыхать в Турцию итп, своих курортов много, а турки в натуре плохие	1	true	false			https://platform.toloka.ai/task/41793133/00027db66d--652c6e50f6de0d65d7ea1a53	00027db66d--652c699d593a5b043e0227af	00027db66d--652c6e50f6de0d65d7ea1a53	00027db66d--652c6e50f6de0d65d7ea1a49	d171b547bedef18946541e2a2a6ff829	APPROVED	2023-10-15T22:57:20.655	2023-10-15T22:57:51.264	2023-10-15T22:57:51.264	0.0300000000
22	control	да ты бабуля уже всем надоела, кому только было возможно. это твой образ жизни, искренне сочувствую домашним.	1	true	false			https://platform.toloka.ai/task/41793133/00027db66d--652c6e62a8ebdc7126d176b8	00027db66d--652c699d593a5b043e0227b5	00027db66d--652c6e62a8ebdc7126d176b8	00027db66d--652c6e62a8ebdc7126d176b6	8a50cf7d0929d195fb5f1e22a890ae64	APPROVED	2023-10-15T22:57:38.127	2023-10-15T23:00:37.748	2023-10-15T23:00:37.748	0.0320000000
645	1	Кто вообще что то знает	1	false				https://platform.toloka.ai/task/41793133/00027db66d--652c6e62a8ebdc7126d176b8	00027db66d--652c6aa1ac0d3c5e4b2bddde	00027db66d--652c6e62a8ebdc7126d176b8	00027db66d--652c6e62a8ebdc7126d176b6	8a50cf7d0929d195fb5f1e22a890ae64	APPROVED	2023-10-15T22:57:38.127	2023-10-15T23:00:37.748	2023-10-15T23:00:37.748	0.0320000000
722	1	Когда Путин сказал, что Борис ельцин является для него примером-многие поняли, но только не ты	1	false				https://platform.toloka.ai/task/41793133/00027db66d--652c6e62a8ebdc7126d176b8	00027db66d--652c6aa2ac0d3c5e4b2bde7a	00027db66d--652c6e62a8ebdc7126d176b8	00027db66d--652c6e62a8ebdc7126d176b6	8a50cf7d0929d195fb5f1e22a890ae64	APPROVED	2023-10-15T22:57:38.127	2023-10-15T23:00:37.748	2023-10-15T23:00:37.748	0.0320000000
19	1	Не ври,никто к вам в ДНР не собирается	1	false				https://platform.toloka.ai/task/41793133/00027db66d--652c6e70e013ff63cfecea9b	00027db66d--652c6a9aac0d3c5e4b2bd8bb	00027db66d--652c6e70e013ff63cfecea9b	00027db66d--652c6e70e013ff63cfecea94	d171b547bedef18946541e2a2a6ff829	APPROVED	2023-10-15T22:57:52.800	2023-10-15T22:58:22.454	2023-10-15T22:58:22.454	0.0300000000
722	1	Когда Путин сказал, что Борис ельцин является для него примером-многие поняли, но только не ты	1	false				https://platform.toloka.ai/task/41793133/00027db66d--652c6e70e013ff63cfecea9b	00027db66d--652c6aa2ac0d3c5e4b2bde7a	00027db66d--652c6e70e013ff63cfecea9b	00027db66d--652c6e70e013ff63cfecea94	d171b547bedef18946541e2a2a6ff829	APPROVED	2023-10-15T22:57:52.800	2023-10-15T22:58:22.454	2023-10-15T22:58:22.454	0.0300000000
13	control	Админы, вы ненормальные из 500 прокруток не одного рейда что за правила нехорошие надо выходить из игры	1	true	false			https://platform.toloka.ai/task/41793133/00027db66d--652c6e70e013ff63cfecea9b	00027db66d--652c699d593a5b043e0227a3	00027db66d--652c6e70e013ff63cfecea9b	00027db66d--652c6e70e013ff63cfecea94	d171b547bedef18946541e2a2a6ff829	APPROVED	2023-10-15T22:57:52.800	2023-10-15T22:58:22.454	2023-10-15T22:58:22.454	0.0300000000
9	control	https://ok.ru/profile/579040782312 этот человек провокатор!!!!!	1	false	false			https://platform.toloka.ai/task/41793133/00027db66d--652c7048e013ff63cfed3aa9	00027db66d--652c699d593a5b043e02279b	00027db66d--652c7048e013ff63cfed3aa9	00027db66d--652c7048e013ff63cfed3aa7	7b30f574fd54012961a82a68d648b8ef	APPROVED	2023-10-15T23:05:44.615	2023-10-15T23:06:13.200	2023-10-15T23:06:13.200	0.0320000000
425	1	Что вы хотите от него. Он всегда будет таким	1	false				https://platform.toloka.ai/task/41793133/00027db66d--652c7048e013ff63cfed3aa9	00027db66d--652c6a9fac0d3c5e4b2bdc22	00027db66d--652c7048e013ff63cfed3aa9	00027db66d--652c7048e013ff63cfed3aa7	7b30f574fd54012961a82a68d648b8ef	APPROVED	2023-10-15T23:05:44.615	2023-10-15T23:06:13.200	2023-10-15T23:06:13.200	0.0320000000
518	1	Зачем вообще эта дума нужна	1	false				https://platform.toloka.ai/task/41793133/00027db66d--652c7048e013ff63cfed3aa9	00027db66d--652c6aa0ac0d3c5e4b2bdcde	00027db66d--652c7048e013ff63cfed3aa9	00027db66d--652c7048e013ff63cfed3aa7	7b30f574fd54012961a82a68d648b8ef	APPROVED	2023-10-15T23:05:44.615	2023-10-15T23:06:13.200	2023-10-15T23:06:13.200	0.0320000000
243	1	неужели вы рассчитываете, что пойдя  работать на завод или на стройку или еще куда-то, вам будут платить миллиарды в долларах	1	false				https://platform.toloka.ai/task/41793133/00027db66d--652c70634f14b96d9b1fdfbe	00027db66d--652c6a9cac0d3c5e4b2bda9b	00027db66d--652c70634f14b96d9b1fdfbe	00027db66d--652c70634f14b96d9b1fdfb9	9530eb3d629ad8432482e2095e3dfa2c	APPROVED	2023-10-15T23:06:11.507	2023-10-15T23:06:46.628	2023-10-15T23:06:46.628	0.0300000000
18	control	кто смотрит этого наливкина от одного его вида воротит.. непонятно что несёт	1	true	false			https://platform.toloka.ai/task/41793133/00027db66d--652c70634f14b96d9b1fdfbe	00027db66d--652c699d593a5b043e0227ad	00027db66d--652c70634f14b96d9b1fdfbe	00027db66d--652c70634f14b96d9b1fdfb9	9530eb3d629ad8432482e2095e3dfa2c	APPROVED	2023-10-15T23:06:11.507	2023-10-15T23:06:46.628	2023-10-15T23:06:46.628	0.0300000000
586	1	потому что у нас такая власть и много людей , которые её поддерживает	1	false				https://platform.toloka.ai/task/41793133/00027db66d--652c70634f14b96d9b1fdfbe	00027db66d--652c6aa0ac0d3c5e4b2bdd66	00027db66d--652c70634f14b96d9b1fdfbe	00027db66d--652c70634f14b96d9b1fdfb9	9530eb3d629ad8432482e2095e3dfa2c	APPROVED	2023-10-15T23:06:11.507	2023-10-15T23:06:46.628	2023-10-15T23:06:46.628	0.0300000000
539	1	Отругать надо... Историю не читают	1	false				https://platform.toloka.ai/task/41793133/00027db66d--652c7066a8ebdc7126d1ce15	00027db66d--652c6aa0ac0d3c5e4b2bdd08	00027db66d--652c7066a8ebdc7126d1ce15	00027db66d--652c7066a8ebdc7126d1ce13	7b30f574fd54012961a82a68d648b8ef	APPROVED	2023-10-15T23:06:14.855	2023-10-15T23:06:28.767	2023-10-15T23:06:28.767	0.0320000000
586	1	потому что у нас такая власть и много людей , которые её поддерживает	1	false				https://platform.toloka.ai/task/41793133/00027db66d--652c7066a8ebdc7126d1ce15	00027db66d--652c6aa0ac0d3c5e4b2bdd66	00027db66d--652c7066a8ebdc7126d1ce15	00027db66d--652c7066a8ebdc7126d1ce13	7b30f574fd54012961a82a68d648b8ef	APPROVED	2023-10-15T23:06:14.855	2023-10-15T23:06:28.767	2023-10-15T23:06:28.767	0.0320000000
14	control	а вот этот на картинке, кого копытами топчет.мой ответ был тому, кто выставил этот пост.	1	false	false			https://platform.toloka.ai/task/41793133/00027db66d--652c7066a8ebdc7126d1ce15	00027db66d--652c699d593a5b043e0227a5	00027db66d--652c7066a8ebdc7126d1ce15	00027db66d--652c7066a8ebdc7126d1ce13	7b30f574fd54012961a82a68d648b8ef	APPROVED	2023-10-15T23:06:14.855	2023-10-15T23:06:28.767	2023-10-15T23:06:28.767	0.0320000000
645	1	Кто вообще что то знает	1	false				https://platform.toloka.ai/task/41793133/00027db66d--652c707667632923dd5dffc6	00027db66d--652c6aa1ac0d3c5e4b2bddde	00027db66d--652c707667632923dd5dffc6	00027db66d--652c707667632923dd5dffc0	7b30f574fd54012961a82a68d648b8ef	APPROVED	2023-10-15T23:06:30.176	2023-10-15T23:06:38.331	2023-10-15T23:06:38.331	0.0320000000
104	1	где такие, как хотя бы пан Марцинкевич? Эта строка перечеркнула всё выше написанное.	1	false				https://platform.toloka.ai/task/41793133/00027db66d--652c707667632923dd5dffc6	00027db66d--652c6a9bac0d3c5e4b2bd96f	00027db66d--652c707667632923dd5dffc6	00027db66d--652c707667632923dd5dffc0	7b30f574fd54012961a82a68d648b8ef	APPROVED	2023-10-15T23:06:30.176	2023-10-15T23:06:38.331	2023-10-15T23:06:38.331	0.0320000000
23	control	В окоп бы его!	1	false	false			https://platform.toloka.ai/task/41793133/00027db66d--652c707667632923dd5dffc6	00027db66d--652c699d593a5b043e0227b7	00027db66d--652c707667632923dd5dffc6	00027db66d--652c707667632923dd5dffc0	7b30f574fd54012961a82a68d648b8ef	APPROVED	2023-10-15T23:06:30.176	2023-10-15T23:06:38.331	2023-10-15T23:06:38.331	0.0320000000
144	1	осторожно мошенники,эти люди  гуляют по интернету и обманывают людей,этот товар белорусской фабрики и стоит он от 4000 руб.	1	false				https://platform.toloka.ai/task/41793133/00027db66d--652c72839404dc38e65b2cf1	00027db66d--652c6a9bac0d3c5e4b2bd9c0	00027db66d--652c72839404dc38e65b2cf1	00027db66d--652c72839404dc38e65b2cee	6c4e36ad1d4d198279c7ce277c553f3f	APPROVED	2023-10-15T23:15:15.985	2023-10-15T23:17:12.812	2023-10-15T23:17:12.812	0.0300000000
243	1	неужели вы рассчитываете, что пойдя  работать на завод или на стройку или еще куда-то, вам будут платить миллиарды в долларах	1	false				https://platform.toloka.ai/task/41793133/00027db66d--652c72839404dc38e65b2cf1	00027db66d--652c6a9cac0d3c5e4b2bda9b	00027db66d--652c72839404dc38e65b2cf1	00027db66d--652c72839404dc38e65b2cee	6c4e36ad1d4d198279c7ce277c553f3f	APPROVED	2023-10-15T23:15:15.985	2023-10-15T23:17:12.812	2023-10-15T23:17:12.812	0.0300000000
8	control	Лучше не пиши ничего. Только позоришься	1	true	true			https://platform.toloka.ai/task/41793133/00027db66d--652c72839404dc38e65b2cf1	00027db66d--652c699d593a5b043e022799	00027db66d--652c72839404dc38e65b2cf1	00027db66d--652c72839404dc38e65b2cee	6c4e36ad1d4d198279c7ce277c553f3f	APPROVED	2023-10-15T23:15:15.985	2023-10-15T23:17:12.812	2023-10-15T23:17:12.812	0.0300000000
539	1	Отругать надо... Историю не читают	1	false				https://platform.toloka.ai/task/41793133/00027db66d--652c72fa4f14b96d9b206214	00027db66d--652c6aa0ac0d3c5e4b2bdd08	00027db66d--652c72fa4f14b96d9b206214	00027db66d--652c72fa4f14b96d9b20620f	6c4e36ad1d4d198279c7ce277c553f3f	APPROVED	2023-10-15T23:17:14.555	2023-10-15T23:18:59.671	2023-10-15T23:18:59.671	0.0300000000
30	control	Смотрите украинцы, не обнаглейте!	1	false	false			https://platform.toloka.ai/task/41793133/00027db66d--652c72fa4f14b96d9b206214	00027db66d--652c699d593a5b043e0227c5	00027db66d--652c72fa4f14b96d9b206214	00027db66d--652c72fa4f14b96d9b20620f	6c4e36ad1d4d198279c7ce277c553f3f	APPROVED	2023-10-15T23:17:14.555	2023-10-15T23:18:59.671	2023-10-15T23:18:59.671	0.0300000000
34	1	Ты юрист или нет?	1	false				https://platform.toloka.ai/task/41793133/00027db66d--652c72fa4f14b96d9b206214	00027db66d--652c6a9aac0d3c5e4b2bd8d9	00027db66d--652c72fa4f14b96d9b206214	00027db66d--652c72fa4f14b96d9b20620f	6c4e36ad1d4d198279c7ce277c553f3f	APPROVED	2023-10-15T23:17:14.555	2023-10-15T23:18:59.671	2023-10-15T23:18:59.671	0.0300000000
18	control	кто смотрит этого наливкина от одного его вида воротит.. непонятно что несёт	1	true	false			https://platform.toloka.ai/task/41793133/00027db66d--652c736567632923dd5eac4b	00027db66d--652c699d593a5b043e0227ad	00027db66d--652c736567632923dd5eac4b	00027db66d--652c736567632923dd5eac44	6c4e36ad1d4d198279c7ce277c553f3f	APPROVED	2023-10-15T23:19:01.384	2023-10-15T23:21:10.256	2023-10-15T23:21:10.256	0.0300000000
518	1	Зачем вообще эта дума нужна	1	false				https://platform.toloka.ai/task/41793133/00027db66d--652c736567632923dd5eac4b	00027db66d--652c6aa0ac0d3c5e4b2bdcde	00027db66d--652c736567632923dd5eac4b	00027db66d--652c736567632923dd5eac44	6c4e36ad1d4d198279c7ce277c553f3f	APPROVED	2023-10-15T23:19:01.384	2023-10-15T23:21:10.256	2023-10-15T23:21:10.256	0.0300000000
363	1	Какой коронавирус вы чего все с ума что-ли посходили	1	false				https://platform.toloka.ai/task/41793133/00027db66d--652c736567632923dd5eac4b	00027db66d--652c6a9eac0d3c5e4b2bdba4	00027db66d--652c736567632923dd5eac4b	00027db66d--652c736567632923dd5eac44	6c4e36ad1d4d198279c7ce277c553f3f	APPROVED	2023-10-15T23:19:01.384	2023-10-15T23:21:10.256	2023-10-15T23:21:10.256	0.0300000000
35	control	тренируйся чаще!! только не скачи высоко!	1	false	false			https://platform.toloka.ai/task/41793133/00027db66d--652c73c8a8ebdc7126d27a9d	00027db66d--652c699e593a5b043e0227cf	00027db66d--652c73c8a8ebdc7126d27a9d	00027db66d--652c73c8a8ebdc7126d27a9a	5bd7272ba80e4b4753041eda3bb1bb93	APPROVED	2023-10-15T23:20:40.481	2023-10-15T23:21:08.164	2023-10-15T23:21:08.164	0.0300000000
586	1	потому что у нас такая власть и много людей , которые её поддерживает	1	false				https://platform.toloka.ai/task/41793133/00027db66d--652c73c8a8ebdc7126d27a9d	00027db66d--652c6aa0ac0d3c5e4b2bdd66	00027db66d--652c73c8a8ebdc7126d27a9d	00027db66d--652c73c8a8ebdc7126d27a9a	5bd7272ba80e4b4753041eda3bb1bb93	APPROVED	2023-10-15T23:20:40.481	2023-10-15T23:21:08.164	2023-10-15T23:21:08.164	0.0300000000
722	1	Когда Путин сказал, что Борис ельцин является для него примером-многие поняли, но только не ты	1	false				https://platform.toloka.ai/task/41793133/00027db66d--652c73c8a8ebdc7126d27a9d	00027db66d--652c6aa2ac0d3c5e4b2bde7a	00027db66d--652c73c8a8ebdc7126d27a9d	00027db66d--652c73c8a8ebdc7126d27a9a	5bd7272ba80e4b4753041eda3bb1bb93	APPROVED	2023-10-15T23:20:40.481	2023-10-15T23:21:08.164	2023-10-15T23:21:08.164	0.0300000000
425	1	Что вы хотите от него. Он всегда будет таким	1	false				https://platform.toloka.ai/task/41793133/00027db66d--652c73e567632923dd5eca3f	00027db66d--652c6a9fac0d3c5e4b2bdc22	00027db66d--652c73e567632923dd5eca3f	00027db66d--652c73e567632923dd5eca38	5bd7272ba80e4b4753041eda3bb1bb93	APPROVED	2023-10-15T23:21:09.521	2023-10-15T23:21:30.500	2023-10-15T23:21:30.500	0.0300000000
19	control	Нечего отдыхать в Турцию итп, своих курортов много, а турки в натуре плохие	1	true	false			https://platform.toloka.ai/task/41793133/00027db66d--652c73e567632923dd5eca3f	00027db66d--652c699d593a5b043e0227af	00027db66d--652c73e567632923dd5eca3f	00027db66d--652c73e567632923dd5eca38	5bd7272ba80e4b4753041eda3bb1bb93	APPROVED	2023-10-15T23:21:09.521	2023-10-15T23:21:30.500	2023-10-15T23:21:30.500	0.0300000000
382	1	я такую стройку впервые вижу.	1	false				https://platform.toloka.ai/task/41793133/00027db66d--652c73e567632923dd5eca3f	00027db66d--652c6a9eac0d3c5e4b2bdbca	00027db66d--652c73e567632923dd5eca3f	00027db66d--652c73e567632923dd5eca38	5bd7272ba80e4b4753041eda3bb1bb93	APPROVED	2023-10-15T23:21:09.521	2023-10-15T23:21:30.500	2023-10-15T23:21:30.500	0.0300000000
104	1	где такие, как хотя бы пан Марцинкевич? Эта строка перечеркнула всё выше написанное.	1	false				https://platform.toloka.ai/task/41793133/00027db66d--652c73e8a8ebdc7126d2807d	00027db66d--652c6a9bac0d3c5e4b2bd96f	00027db66d--652c73e8a8ebdc7126d2807d	00027db66d--652c73e8a8ebdc7126d2807a	6c4e36ad1d4d198279c7ce277c553f3f	APPROVED	2023-10-15T23:21:12.165	2023-10-15T23:23:07.394	2023-10-15T23:23:07.394	0.0300000000
25	control	зачем таким людям бог даёт детей, его бы самого наказать	1	false	false			https://platform.toloka.ai/task/41793133/00027db66d--652c73e8a8ebdc7126d2807d	00027db66d--652c699d593a5b043e0227bb	00027db66d--652c73e8a8ebdc7126d2807d	00027db66d--652c73e8a8ebdc7126d2807a	6c4e36ad1d4d198279c7ce277c553f3f	APPROVED	2023-10-15T23:21:12.165	2023-10-15T23:23:07.394	2023-10-15T23:23:07.394	0.0300000000
712	1	Почитаешь комментарии вроде все всё понимают нет всё равно надо испортить сломать украсть. Наказать бы их	1	false				https://platform.toloka.ai/task/41793133/00027db66d--652c73e8a8ebdc7126d2807d	00027db66d--652c6aa2ac0d3c5e4b2bde66	00027db66d--652c73e8a8ebdc7126d2807d	00027db66d--652c73e8a8ebdc7126d2807a	6c4e36ad1d4d198279c7ce277c553f3f	APPROVED	2023-10-15T23:21:12.165	2023-10-15T23:23:07.394	2023-10-15T23:23:07.394	0.0300000000
253	1	Почему он на свободе!	1	false				https://platform.toloka.ai/task/41793133/00027db66d--652c73fc4f14b96d9b2090a8	00027db66d--652c6a9cac0d3c5e4b2bdab0	00027db66d--652c73fc4f14b96d9b2090a8	00027db66d--652c73fc4f14b96d9b20909a	5bd7272ba80e4b4753041eda3bb1bb93	APPROVED	2023-10-15T23:21:32.239	2023-10-15T23:21:54.356	2023-10-15T23:21:54.356	0.0300000000
21	control	Наши боятся с такими связываться, а командировочные менты такие же, как и этот.	1	true	false			https://platform.toloka.ai/task/41793133/00027db66d--652c73fc4f14b96d9b2090a8	00027db66d--652c699d593a5b043e0227b3	00027db66d--652c73fc4f14b96d9b2090a8	00027db66d--652c73fc4f14b96d9b20909a	5bd7272ba80e4b4753041eda3bb1bb93	APPROVED	2023-10-15T23:21:32.239	2023-10-15T23:21:54.356	2023-10-15T23:21:54.356	0.0300000000
363	1	Какой коронавирус вы чего все с ума что-ли посходили	1	false				https://platform.toloka.ai/task/41793133/00027db66d--652c73fc4f14b96d9b2090a8	00027db66d--652c6a9eac0d3c5e4b2bdba4	00027db66d--652c73fc4f14b96d9b2090a8	00027db66d--652c73fc4f14b96d9b20909a	5bd7272ba80e4b4753041eda3bb1bb93	APPROVED	2023-10-15T23:21:32.239	2023-10-15T23:21:54.356	2023-10-15T23:21:54.356	0.0300000000
518	1	Зачем вообще эта дума нужна	1	false				https://platform.toloka.ai/task/41793133/00027db66d--652c73ffe013ff63cfedf0db	00027db66d--652c6aa0ac0d3c5e4b2bdcde	00027db66d--652c73ffe013ff63cfedf0db	00027db66d--652c73ffe013ff63cfedf0d9	3f98ce04a79a849dc619741275546af4	APPROVED	2023-10-15T23:21:35.430	2023-10-15T23:22:10.495	2023-10-15T23:22:10.495	0.0320000000
34	1	Ты юрист или нет?	1	false				https://platform.toloka.ai/task/41793133/00027db66d--652c73ffe013ff63cfedf0db	00027db66d--652c6a9aac0d3c5e4b2bd8d9	00027db66d--652c73ffe013ff63cfedf0db	00027db66d--652c73ffe013ff63cfedf0d9	3f98ce04a79a849dc619741275546af4	APPROVED	2023-10-15T23:21:35.430	2023-10-15T23:22:10.495	2023-10-15T23:22:10.495	0.0320000000
22	control	да ты бабуля уже всем надоела, кому только было возможно. это твой образ жизни, искренне сочувствую домашним.	1	false	false			https://platform.toloka.ai/task/41793133/00027db66d--652c73ffe013ff63cfedf0db	00027db66d--652c699d593a5b043e0227b5	00027db66d--652c73ffe013ff63cfedf0db	00027db66d--652c73ffe013ff63cfedf0d9	3f98ce04a79a849dc619741275546af4	APPROVED	2023-10-15T23:21:35.430	2023-10-15T23:22:10.495	2023-10-15T23:22:10.495	0.0320000000
3	control	нашим дизайнерам с ирбита по рукам дать	1	true	true			https://platform.toloka.ai/task/41793133/00027db66d--652c742367632923dd5ed55e	00027db66d--652c699d593a5b043e02278f	00027db66d--652c742367632923dd5ed55e	00027db66d--652c742367632923dd5ed559	3f98ce04a79a849dc619741275546af4	APPROVED	2023-10-15T23:22:11.766	2023-10-15T23:22:38.690	2023-10-15T23:22:38.690	0.0320000000
243	1	неужели вы рассчитываете, что пойдя  работать на завод или на стройку или еще куда-то, вам будут платить миллиарды в долларах	1	false				https://platform.toloka.ai/task/41793133/00027db66d--652c742367632923dd5ed55e	00027db66d--652c6a9cac0d3c5e4b2bda9b	00027db66d--652c742367632923dd5ed55e	00027db66d--652c742367632923dd5ed559	3f98ce04a79a849dc619741275546af4	APPROVED	2023-10-15T23:22:11.766	2023-10-15T23:22:38.690	2023-10-15T23:22:38.690	0.0320000000
586	1	потому что у нас такая власть и много людей , которые её поддерживает	1	false				https://platform.toloka.ai/task/41793133/00027db66d--652c742367632923dd5ed55e	00027db66d--652c6aa0ac0d3c5e4b2bdd66	00027db66d--652c742367632923dd5ed55e	00027db66d--652c742367632923dd5ed559	3f98ce04a79a849dc619741275546af4	APPROVED	2023-10-15T23:22:11.766	2023-10-15T23:22:38.690	2023-10-15T23:22:38.690	0.0320000000
6	control	Я бы их наказала без сожеления, а рука у меня тяжелая	1	false	true			https://platform.toloka.ai/task/41793133/00027db66d--652c743f67632923dd5edbb0	00027db66d--652c699d593a5b043e022795	00027db66d--652c743f67632923dd5edbb0	00027db66d--652c743f67632923dd5edbac	3f98ce04a79a849dc619741275546af4	APPROVED	2023-10-15T23:22:39.957	2023-10-15T23:22:56.344	2023-10-15T23:22:56.344	0.0320000000
539	1	Отругать надо... Историю не читают	1	false				https://platform.toloka.ai/task/41793133/00027db66d--652c743f67632923dd5edbb0	00027db66d--652c6aa0ac0d3c5e4b2bdd08	00027db66d--652c743f67632923dd5edbb0	00027db66d--652c743f67632923dd5edbac	3f98ce04a79a849dc619741275546af4	APPROVED	2023-10-15T23:22:39.957	2023-10-15T23:22:56.344	2023-10-15T23:22:56.344	0.0320000000
253	1	Почему он на свободе!	1	false				https://platform.toloka.ai/task/41793133/00027db66d--652c743f67632923dd5edbb0	00027db66d--652c6a9cac0d3c5e4b2bdab0	00027db66d--652c743f67632923dd5edbb0	00027db66d--652c743f67632923dd5edbac	3f98ce04a79a849dc619741275546af4	APPROVED	2023-10-15T23:22:39.957	2023-10-15T23:22:56.344	2023-10-15T23:22:56.344	0.0320000000
19	control	Нечего отдыхать в Турцию итп, своих курортов много, а турки в натуре плохие	1	false	false			https://platform.toloka.ai/task/41793133/00027db66d--652c7451a8ebdc7126d29517	00027db66d--652c699d593a5b043e0227af	00027db66d--652c7451a8ebdc7126d29517	00027db66d--652c7451a8ebdc7126d29511	3f98ce04a79a849dc619741275546af4	APPROVED	2023-10-15T23:22:57.800	2023-10-15T23:23:18.250	2023-10-15T23:23:18.250	0.0300000000
645	1	Кто вообще что то знает	1	false				https://platform.toloka.ai/task/41793133/00027db66d--652c7451a8ebdc7126d29517	00027db66d--652c6aa1ac0d3c5e4b2bddde	00027db66d--652c7451a8ebdc7126d29517	00027db66d--652c7451a8ebdc7126d29511	3f98ce04a79a849dc619741275546af4	APPROVED	2023-10-15T23:22:57.800	2023-10-15T23:23:18.250	2023-10-15T23:23:18.250	0.0300000000
551	1	да он здоровый  . и самое главное, что бог его не наказывает.	1	false				https://platform.toloka.ai/task/41793133/00027db66d--652c7451a8ebdc7126d29517	00027db66d--652c6aa0ac0d3c5e4b2bdd20	00027db66d--652c7451a8ebdc7126d29517	00027db66d--652c7451a8ebdc7126d29511	3f98ce04a79a849dc619741275546af4	APPROVED	2023-10-15T23:22:57.800	2023-10-15T23:23:18.250	2023-10-15T23:23:18.250	0.0300000000
645	1	Кто вообще что то знает	1	false				https://platform.toloka.ai/task/41793133/00027db66d--652c745c4f14b96d9b20a264	00027db66d--652c6aa1ac0d3c5e4b2bddde	00027db66d--652c745c4f14b96d9b20a264	00027db66d--652c745c4f14b96d9b20a262	6c4e36ad1d4d198279c7ce277c553f3f	APPROVED	2023-10-15T23:23:08.985	2023-10-15T23:25:05.359	2023-10-15T23:25:05.359	0.0300000000
35	control	тренируйся чаще!! только не скачи высоко!	1	false	false			https://platform.toloka.ai/task/41793133/00027db66d--652c745c4f14b96d9b20a264	00027db66d--652c699e593a5b043e0227cf	00027db66d--652c745c4f14b96d9b20a264	00027db66d--652c745c4f14b96d9b20a262	6c4e36ad1d4d198279c7ce277c553f3f	APPROVED	2023-10-15T23:23:08.985	2023-10-15T23:25:05.359	2023-10-15T23:25:05.359	0.0300000000
425	1	Что вы хотите от него. Он всегда будет таким	1	false				https://platform.toloka.ai/task/41793133/00027db66d--652c745c4f14b96d9b20a264	00027db66d--652c6a9fac0d3c5e4b2bdc22	00027db66d--652c745c4f14b96d9b20a264	00027db66d--652c745c4f14b96d9b20a262	6c4e36ad1d4d198279c7ce277c553f3f	APPROVED	2023-10-15T23:23:08.985	2023-10-15T23:25:05.359	2023-10-15T23:25:05.359	0.0300000000
8	control	Лучше не пиши ничего. Только позоришься	1	false	true			https://platform.toloka.ai/task/41793133/00027db66d--652c74674f14b96d9b20a44d	00027db66d--652c699d593a5b043e022799	00027db66d--652c74674f14b96d9b20a44d	00027db66d--652c74674f14b96d9b20a44a	3f98ce04a79a849dc619741275546af4	APPROVED	2023-10-15T23:23:19.764	2023-10-15T23:23:44.414	2023-10-15T23:23:44.414	0.0300000000
694	1	Как можно так назвать своего ребенка!	1	false				https://platform.toloka.ai/task/41793133/00027db66d--652c74674f14b96d9b20a44d	00027db66d--652c6aa1ac0d3c5e4b2bde40	00027db66d--652c74674f14b96d9b20a44d	00027db66d--652c74674f14b96d9b20a44a	3f98ce04a79a849dc619741275546af4	APPROVED	2023-10-15T23:23:19.764	2023-10-15T23:23:44.414	2023-10-15T23:23:44.414	0.0300000000
722	1	Когда Путин сказал, что Борис ельцин является для него примером-многие поняли, но только не ты	1	false				https://platform.toloka.ai/task/41793133/00027db66d--652c74674f14b96d9b20a44d	00027db66d--652c6aa2ac0d3c5e4b2bde7a	00027db66d--652c74674f14b96d9b20a44d	00027db66d--652c74674f14b96d9b20a44a	3f98ce04a79a849dc619741275546af4	APPROVED	2023-10-15T23:23:19.764	2023-10-15T23:23:44.414	2023-10-15T23:23:44.414	0.0300000000
0	control	Ой не сиди и там ври на случай если кто-то сидит и тvаги ро раге там ворует	1	true	true			https://platform.toloka.ai/task/41793133/00027db66d--652c74d0a8ebdc7126d2ad69	00027db66d--652c699d593a5b043e022789	00027db66d--652c74d0a8ebdc7126d2ad69	00027db66d--652c74cfa8ebdc7126d2ad65	3f98ce04a79a849dc619741275546af4	APPROVED	2023-10-15T23:25:04.162	2023-10-15T23:25:35.832	2023-10-15T23:25:35.832	0.0300000000
114	1	Бабушка, Вы уже всем нахамили, кому только было возможно. Это Ваш образ жизни, искренне сочувствую домашним.	1	false				https://platform.toloka.ai/task/41793133/00027db66d--652c74d0a8ebdc7126d2ad69	00027db66d--652c6a9bac0d3c5e4b2bd984	00027db66d--652c74d0a8ebdc7126d2ad69	00027db66d--652c74cfa8ebdc7126d2ad65	3f98ce04a79a849dc619741275546af4	APPROVED	2023-10-15T23:25:04.162	2023-10-15T23:25:35.832	2023-10-15T23:25:35.832	0.0300000000
712	1	Почитаешь комментарии вроде все всё понимают нет всё равно надо испортить сломать украсть. Наказать бы их	1	false				https://platform.toloka.ai/task/41793133/00027db66d--652c74d0a8ebdc7126d2ad69	00027db66d--652c6aa2ac0d3c5e4b2bde66	00027db66d--652c74d0a8ebdc7126d2ad69	00027db66d--652c74cfa8ebdc7126d2ad65	3f98ce04a79a849dc619741275546af4	APPROVED	2023-10-15T23:25:04.162	2023-10-15T23:25:35.832	2023-10-15T23:25:35.832	0.0300000000
9	control	https://ok.ru/profile/579040782312 этот человек провокатор!!!!!	1	true	false			https://platform.toloka.ai/task/41793133/00027db66d--652c74d267632923dd5ef5d7	00027db66d--652c699d593a5b043e02279b	00027db66d--652c74d267632923dd5ef5d7	00027db66d--652c74d267632923dd5ef5d5	6c4e36ad1d4d198279c7ce277c553f3f	APPROVED	2023-10-15T23:25:06.742	2023-10-15T23:26:53.229	2023-10-15T23:26:53.229	0.0300000000
253	1	Почему он на свободе!	1	false				https://platform.toloka.ai/task/41793133/00027db66d--652c74d267632923dd5ef5d7	00027db66d--652c6a9cac0d3c5e4b2bdab0	00027db66d--652c74d267632923dd5ef5d7	00027db66d--652c74d267632923dd5ef5d5	6c4e36ad1d4d198279c7ce277c553f3f	APPROVED	2023-10-15T23:25:06.742	2023-10-15T23:26:53.229	2023-10-15T23:26:53.229	0.0300000000
730	1	народ, вы в своей группе как такую ерунду допускаете?	1	false				https://platform.toloka.ai/task/41793133/00027db66d--652c74d267632923dd5ef5d7	00027db66d--652c6aa2ac0d3c5e4b2bde8a	00027db66d--652c74d267632923dd5ef5d7	00027db66d--652c74d267632923dd5ef5d5	6c4e36ad1d4d198279c7ce277c553f3f	APPROVED	2023-10-15T23:25:06.742	2023-10-15T23:26:53.229	2023-10-15T23:26:53.229	0.0300000000
210	1	Ну и второе и самое важное для европы и американцев.	1	false				https://platform.toloka.ai/task/41793133/00027db66d--652c74f0a8ebdc7126d2b3a9	00027db66d--652c6a9cac0d3c5e4b2bda54	00027db66d--652c74f0a8ebdc7126d2b3a9	00027db66d--652c74f0a8ebdc7126d2b3a7	3f98ce04a79a849dc619741275546af4	APPROVED	2023-10-15T23:25:36.956	2023-10-15T23:25:52.654	2023-10-15T23:25:52.654	0.0300000000
10	control	Опять кто-то появился..провокатор..	1	false	false			https://platform.toloka.ai/task/41793133/00027db66d--652c74f0a8ebdc7126d2b3a9	00027db66d--652c699d593a5b043e02279d	00027db66d--652c74f0a8ebdc7126d2b3a9	00027db66d--652c74f0a8ebdc7126d2b3a7	3f98ce04a79a849dc619741275546af4	APPROVED	2023-10-15T23:25:36.956	2023-10-15T23:25:52.654	2023-10-15T23:25:52.654	0.0300000000
104	1	где такие, как хотя бы пан Марцинкевич? Эта строка перечеркнула всё выше написанное.	1	false				https://platform.toloka.ai/task/41793133/00027db66d--652c74f0a8ebdc7126d2b3a9	00027db66d--652c6a9bac0d3c5e4b2bd96f	00027db66d--652c74f0a8ebdc7126d2b3a9	00027db66d--652c74f0a8ebdc7126d2b3a7	3f98ce04a79a849dc619741275546af4	APPROVED	2023-10-15T23:25:36.956	2023-10-15T23:25:52.654	2023-10-15T23:25:52.654	0.0300000000
15	control	надо как в саудовской аравии наказать при честном народе я убежден что он пьяный был	1	false	false			https://platform.toloka.ai/task/41793133/00027db66d--652c75029404dc38e65ba975	00027db66d--652c699d593a5b043e0227a7	00027db66d--652c75029404dc38e65ba975	00027db66d--652c75029404dc38e65ba96f	3f98ce04a79a849dc619741275546af4	APPROVED	2023-10-15T23:25:54.090	2023-10-15T23:26:20.425	2023-10-15T23:26:20.425	0.0300000000
363	1	Какой коронавирус вы чего все с ума что-ли посходили	1	false				https://platform.toloka.ai/task/41793133/00027db66d--652c75029404dc38e65ba975	00027db66d--652c6a9eac0d3c5e4b2bdba4	00027db66d--652c75029404dc38e65ba975	00027db66d--652c75029404dc38e65ba96f	3f98ce04a79a849dc619741275546af4	APPROVED	2023-10-15T23:25:54.090	2023-10-15T23:26:20.425	2023-10-15T23:26:20.425	0.0300000000
226	1	А ты зачем здесь?	1	false				https://platform.toloka.ai/task/41793133/00027db66d--652c75029404dc38e65ba975	00027db66d--652c6a9cac0d3c5e4b2bda76	00027db66d--652c75029404dc38e65ba975	00027db66d--652c75029404dc38e65ba96f	3f98ce04a79a849dc619741275546af4	APPROVED	2023-10-15T23:25:54.090	2023-10-15T23:26:20.425	2023-10-15T23:26:20.425	0.0300000000
367	1	уж больно ты грозен	1	false				https://platform.toloka.ai/task/41793133/00027db66d--652c751de013ff63cfee2c62	00027db66d--652c6a9eac0d3c5e4b2bdbac	00027db66d--652c751de013ff63cfee2c62	00027db66d--652c751de013ff63cfee2c60	3f98ce04a79a849dc619741275546af4	APPROVED	2023-10-15T23:26:21.655	2023-10-15T23:26:56.752	2023-10-15T23:26:56.752	0.0300000000
144	1	осторожно мошенники,эти люди  гуляют по интернету и обманывают людей,этот товар белорусской фабрики и стоит он от 4000 руб.	1	false				https://platform.toloka.ai/task/41793133/00027db66d--652c751de013ff63cfee2c62	00027db66d--652c6a9bac0d3c5e4b2bd9c0	00027db66d--652c751de013ff63cfee2c62	00027db66d--652c751de013ff63cfee2c60	3f98ce04a79a849dc619741275546af4	APPROVED	2023-10-15T23:26:21.655	2023-10-15T23:26:56.752	2023-10-15T23:26:56.752	0.0300000000
1	control	Самим не стыдно, не смейте марать память о великом артисте, вы ему в подметки не годитесь!!!	1	true	true			https://platform.toloka.ai/task/41793133/00027db66d--652c751de013ff63cfee2c62	00027db66d--652c699d593a5b043e02278b	00027db66d--652c751de013ff63cfee2c62	00027db66d--652c751de013ff63cfee2c60	3f98ce04a79a849dc619741275546af4	APPROVED	2023-10-15T23:26:21.655	2023-10-15T23:26:56.752	2023-10-15T23:26:56.752	0.0300000000
8	control	Лучше не пиши ничего. Только позоришься	1	true	true			https://platform.toloka.ai/task/41793133/00027db66d--652c752be013ff63cfee2f9b	00027db66d--652c699d593a5b043e022799	00027db66d--652c752be013ff63cfee2f9b	00027db66d--652c752be013ff63cfee2f99	c4b621f88e4a2cc65daa54fac62035e7	APPROVED	2023-10-15T23:26:35.356	2023-10-15T23:27:32.435	2023-10-15T23:27:32.435	0.0320000000
382	1	я такую стройку впервые вижу.	1	false				https://platform.toloka.ai/task/41793133/00027db66d--652c752be013ff63cfee2f9b	00027db66d--652c6a9eac0d3c5e4b2bdbca	00027db66d--652c752be013ff63cfee2f9b	00027db66d--652c752be013ff63cfee2f99	c4b621f88e4a2cc65daa54fac62035e7	APPROVED	2023-10-15T23:26:35.356	2023-10-15T23:27:32.435	2023-10-15T23:27:32.435	0.0320000000
539	1	Отругать надо... Историю не читают	1	false				https://platform.toloka.ai/task/41793133/00027db66d--652c752be013ff63cfee2f9b	00027db66d--652c6aa0ac0d3c5e4b2bdd08	00027db66d--652c752be013ff63cfee2f9b	00027db66d--652c752be013ff63cfee2f99	c4b621f88e4a2cc65daa54fac62035e7	APPROVED	2023-10-15T23:26:35.356	2023-10-15T23:27:32.435	2023-10-15T23:27:32.435	0.0320000000
382	1	я такую стройку впервые вижу.	1	false				https://platform.toloka.ai/task/41793133/00027db66d--652c7542e013ff63cfee33cd	00027db66d--652c6a9eac0d3c5e4b2bdbca	00027db66d--652c7542e013ff63cfee33cd	00027db66d--652c7542e013ff63cfee33c8	3f98ce04a79a849dc619741275546af4	APPROVED	2023-10-15T23:26:58.265	2023-10-15T23:27:21.229	2023-10-15T23:27:21.229	0.0300000000
7	1	Найти и пусть отвечает за свои поступки	1	false				https://platform.toloka.ai/task/41793133/00027db66d--652c7542e013ff63cfee33cd	00027db66d--652c6a9aac0d3c5e4b2bd8a2	00027db66d--652c7542e013ff63cfee33cd	00027db66d--652c7542e013ff63cfee33c8	3f98ce04a79a849dc619741275546af4	APPROVED	2023-10-15T23:26:58.265	2023-10-15T23:27:21.229	2023-10-15T23:27:21.229	0.0300000000
9	control	https://ok.ru/profile/579040782312 этот человек провокатор!!!!!	1	true	false			https://platform.toloka.ai/task/41793133/00027db66d--652c7542e013ff63cfee33cd	00027db66d--652c699d593a5b043e02279b	00027db66d--652c7542e013ff63cfee33cd	00027db66d--652c7542e013ff63cfee33c8	3f98ce04a79a849dc619741275546af4	APPROVED	2023-10-15T23:26:58.265	2023-10-15T23:27:21.229	2023-10-15T23:27:21.229	0.0300000000
32	control	Как таких людей земля носит	1	false	false			https://platform.toloka.ai/task/41793133/00027db66d--652c755a9404dc38e65bbba5	00027db66d--652c699d593a5b043e0227c9	00027db66d--652c755a9404dc38e65bbba5	00027db66d--652c755a9404dc38e65bbba3	3f98ce04a79a849dc619741275546af4	APPROVED	2023-10-15T23:27:22.756	2023-10-15T23:28:11.315	2023-10-15T23:28:11.315	0.0300000000
648	1	При фотографе он трогает сульшера,представьте что там без фотографа происходит	1	false				https://platform.toloka.ai/task/41793133/00027db66d--652c755a9404dc38e65bbba5	00027db66d--652c6aa1ac0d3c5e4b2bdde4	00027db66d--652c755a9404dc38e65bbba5	00027db66d--652c755a9404dc38e65bbba3	3f98ce04a79a849dc619741275546af4	APPROVED	2023-10-15T23:27:22.756	2023-10-15T23:28:11.315	2023-10-15T23:28:11.315	0.0300000000
313	1	Хочешь я проведу с тобой ночь?	1	false				https://platform.toloka.ai/task/41793133/00027db66d--652c755a9404dc38e65bbba5	00027db66d--652c6a9dac0d3c5e4b2bdb2e	00027db66d--652c755a9404dc38e65bbba5	00027db66d--652c755a9404dc38e65bbba3	3f98ce04a79a849dc619741275546af4	APPROVED	2023-10-15T23:27:22.756	2023-10-15T23:28:11.315	2023-10-15T23:28:11.315	0.0300000000
21	control	Наши боятся с такими связываться, а командировочные менты такие же, как и этот.	1	true	false			https://platform.toloka.ai/task/41793133/00027db66d--652c756567632923dd5f11a1	00027db66d--652c699d593a5b043e0227b3	00027db66d--652c756567632923dd5f11a1	00027db66d--652c756567632923dd5f119f	c4b621f88e4a2cc65daa54fac62035e7	APPROVED	2023-10-15T23:27:33.800	2023-10-15T23:29:10.612	2023-10-15T23:29:10.612	0.0320000000
253	1	Почему он на свободе!	1	false				https://platform.toloka.ai/task/41793133/00027db66d--652c756567632923dd5f11a1	00027db66d--652c6a9cac0d3c5e4b2bdab0	00027db66d--652c756567632923dd5f11a1	00027db66d--652c756567632923dd5f119f	c4b621f88e4a2cc65daa54fac62035e7	APPROVED	2023-10-15T23:27:33.800	2023-10-15T23:29:10.612	2023-10-15T23:29:10.612	0.0320000000
363	1	Какой коронавирус вы чего все с ума что-ли посходили	1	true				https://platform.toloka.ai/task/41793133/00027db66d--652c756567632923dd5f11a1	00027db66d--652c6a9eac0d3c5e4b2bdba4	00027db66d--652c756567632923dd5f11a1	00027db66d--652c756567632923dd5f119f	c4b621f88e4a2cc65daa54fac62035e7	APPROVED	2023-10-15T23:27:33.800	2023-10-15T23:29:10.612	2023-10-15T23:29:10.612	0.0320000000
730	1	народ, вы в своей группе как такую ерунду допускаете?	1	false				https://platform.toloka.ai/task/41793133/00027db66d--652c758c9404dc38e65bc555	00027db66d--652c6aa2ac0d3c5e4b2bde8a	00027db66d--652c758c9404dc38e65bc555	00027db66d--652c758c9404dc38e65bc553	3f98ce04a79a849dc619741275546af4	APPROVED	2023-10-15T23:28:12.773	2023-10-15T23:28:34.116	2023-10-15T23:28:34.116	0.0300000000
655	1	стесняюсь спросить,а каких методов пропаганды придерживается российский маршал пропаганды, он же человек и многих других определений обладатель????	1	false				https://platform.toloka.ai/task/41793133/00027db66d--652c758c9404dc38e65bc555	00027db66d--652c6aa1ac0d3c5e4b2bddf2	00027db66d--652c758c9404dc38e65bc555	00027db66d--652c758c9404dc38e65bc553	3f98ce04a79a849dc619741275546af4	APPROVED	2023-10-15T23:28:12.773	2023-10-15T23:28:34.116	2023-10-15T23:28:34.116	0.0300000000
18	control	кто смотрит этого наливкина от одного его вида воротит.. непонятно что несёт	1	true	false			https://platform.toloka.ai/task/41793133/00027db66d--652c758c9404dc38e65bc555	00027db66d--652c699d593a5b043e0227ad	00027db66d--652c758c9404dc38e65bc555	00027db66d--652c758c9404dc38e65bc553	3f98ce04a79a849dc619741275546af4	APPROVED	2023-10-15T23:28:12.773	2023-10-15T23:28:34.116	2023-10-15T23:28:34.116	0.0300000000
693	1	А что ты еще делала при СССР?	1	false				https://platform.toloka.ai/task/41793133/00027db66d--652c75a567632923dd5f1d39	00027db66d--652c6aa1ac0d3c5e4b2bde3e	00027db66d--652c75a567632923dd5f1d39	00027db66d--652c75a567632923dd5f1d36	3f98ce04a79a849dc619741275546af4	APPROVED	2023-10-15T23:28:37.199	2023-10-15T23:29:08.088	2023-10-15T23:29:08.088	0.0300000000
38	control	Первый раз слышу что бы обезьян так обзывали	1	false	false			https://platform.toloka.ai/task/41793133/00027db66d--652c75a567632923dd5f1d39	00027db66d--652c699e593a5b043e0227d5	00027db66d--652c75a567632923dd5f1d39	00027db66d--652c75a567632923dd5f1d36	3f98ce04a79a849dc619741275546af4	APPROVED	2023-10-15T23:28:37.199	2023-10-15T23:29:08.088	2023-10-15T23:29:08.088	0.0300000000
239	1	руся перестань природа одарила тебя большой попой а ты  не благодарная не можешь вилять попой	1	false				https://platform.toloka.ai/task/41793133/00027db66d--652c75a567632923dd5f1d39	00027db66d--652c6a9cac0d3c5e4b2bda93	00027db66d--652c75a567632923dd5f1d39	00027db66d--652c75a567632923dd5f1d36	3f98ce04a79a849dc619741275546af4	APPROVED	2023-10-15T23:28:37.199	2023-10-15T23:29:08.088	2023-10-15T23:29:08.088	0.0300000000
19	1	Не ври,никто к вам в ДНР не собирается	1	false				https://platform.toloka.ai/task/41793133/00027db66d--652c75c59404dc38e65bcf31	00027db66d--652c6a9aac0d3c5e4b2bd8bb	00027db66d--652c75c59404dc38e65bcf31	00027db66d--652c75c59404dc38e65bcf2a	3f98ce04a79a849dc619741275546af4	APPROVED	2023-10-15T23:29:09.414	2023-10-15T23:29:28.815	2023-10-15T23:29:28.815	0.0300000000
31	control	Уезжай в Украину, там твоё лицо	1	true	false			https://platform.toloka.ai/task/41793133/00027db66d--652c75c59404dc38e65bcf31	00027db66d--652c699d593a5b043e0227c7	00027db66d--652c75c59404dc38e65bcf31	00027db66d--652c75c59404dc38e65bcf2a	3f98ce04a79a849dc619741275546af4	APPROVED	2023-10-15T23:29:09.414	2023-10-15T23:29:28.815	2023-10-15T23:29:28.815	0.0300000000
162	1	поджигателей к стенке	1	true				https://platform.toloka.ai/task/41793133/00027db66d--652c75c59404dc38e65bcf31	00027db66d--652c6a9bac0d3c5e4b2bd9e5	00027db66d--652c75c59404dc38e65bcf31	00027db66d--652c75c59404dc38e65bcf2a	3f98ce04a79a849dc619741275546af4	APPROVED	2023-10-15T23:29:09.414	2023-10-15T23:29:28.815	2023-10-15T23:29:28.815	0.0300000000
694	1	Как можно так назвать своего ребенка!	1	false				https://platform.toloka.ai/task/41793133/00027db66d--652c75c8e013ff63cfee4c3f	00027db66d--652c6aa1ac0d3c5e4b2bde40	00027db66d--652c75c8e013ff63cfee4c3f	00027db66d--652c75c7e013ff63cfee4c3b	c4b621f88e4a2cc65daa54fac62035e7	APPROVED	2023-10-15T23:29:12.046	2023-10-15T23:29:32.929	2023-10-15T23:29:32.929	0.0300000000
425	1	Что вы хотите от него. Он всегда будет таким	1	false				https://platform.toloka.ai/task/41793133/00027db66d--652c75c8e013ff63cfee4c3f	00027db66d--652c6a9fac0d3c5e4b2bdc22	00027db66d--652c75c8e013ff63cfee4c3f	00027db66d--652c75c7e013ff63cfee4c3b	c4b621f88e4a2cc65daa54fac62035e7	APPROVED	2023-10-15T23:29:12.046	2023-10-15T23:29:32.929	2023-10-15T23:29:32.929	0.0300000000
7	control	Неужели не доходит, что жалоба прилетит уже не от робота?	1	false	true			https://platform.toloka.ai/task/41793133/00027db66d--652c75c8e013ff63cfee4c3f	00027db66d--652c699d593a5b043e022797	00027db66d--652c75c8e013ff63cfee4c3f	00027db66d--652c75c7e013ff63cfee4c3b	c4b621f88e4a2cc65daa54fac62035e7	APPROVED	2023-10-15T23:29:12.046	2023-10-15T23:29:32.929	2023-10-15T23:29:32.929	0.0300000000
13	control	Админы, вы ненормальные из 500 прокруток не одного рейда что за правила нехорошие надо выходить из игры	1	true	false			https://platform.toloka.ai/task/41793133/00027db66d--652c76719404dc38e65bef57	00027db66d--652c699d593a5b043e0227a3	00027db66d--652c76719404dc38e65bef57	00027db66d--652c76719404dc38e65bef54	3f98ce04a79a849dc619741275546af4	APPROVED	2023-10-15T23:32:01.641	2023-10-15T23:32:28.533	2023-10-15T23:32:28.533	0.0300000000
449	1	Хорошее фото! Скоро глупые люди будут про радугу спорить или уже спорят	1	true				https://platform.toloka.ai/task/41793133/00027db66d--652c76719404dc38e65bef57	00027db66d--652c6a9fac0d3c5e4b2bdc52	00027db66d--652c76719404dc38e65bef57	00027db66d--652c76719404dc38e65bef54	3f98ce04a79a849dc619741275546af4	APPROVED	2023-10-15T23:32:01.641	2023-10-15T23:32:28.533	2023-10-15T23:32:28.533	0.0300000000
15	1	добили пару головастиков и испугались.	1	false				https://platform.toloka.ai/task/41793133/00027db66d--652c76719404dc38e65bef57	00027db66d--652c6a9aac0d3c5e4b2bd8b2	00027db66d--652c76719404dc38e65bef57	00027db66d--652c76719404dc38e65bef54	3f98ce04a79a849dc619741275546af4	APPROVED	2023-10-15T23:32:01.641	2023-10-15T23:32:28.533	2023-10-15T23:32:28.533	0.0300000000
363	1	Какой коронавирус вы чего все с ума что-ли посходили	1	true				https://platform.toloka.ai/task/41793133/00027db66d--652c769de013ff63cfee73ec	00027db66d--652c6a9eac0d3c5e4b2bdba4	00027db66d--652c769de013ff63cfee73ec	00027db66d--652c769de013ff63cfee73e7	c519e5caa0254210d106824b3d2fdfa2	APPROVED	2023-10-15T23:32:45.336	2023-10-15T23:33:24.534	2023-10-15T23:33:24.534	0.0320000000
425	1	Что вы хотите от него. Он всегда будет таким	1	false				https://platform.toloka.ai/task/41793133/00027db66d--652c769de013ff63cfee73ec	00027db66d--652c6a9fac0d3c5e4b2bdc22	00027db66d--652c769de013ff63cfee73ec	00027db66d--652c769de013ff63cfee73e7	c519e5caa0254210d106824b3d2fdfa2	APPROVED	2023-10-15T23:32:45.336	2023-10-15T23:33:24.534	2023-10-15T23:33:24.534	0.0320000000
27	control	твоя церковь тебе не поможет	1	false	false			https://platform.toloka.ai/task/41793133/00027db66d--652c769de013ff63cfee73ec	00027db66d--652c699d593a5b043e0227bf	00027db66d--652c769de013ff63cfee73ec	00027db66d--652c769de013ff63cfee73e7	c519e5caa0254210d106824b3d2fdfa2	APPROVED	2023-10-15T23:32:45.336	2023-10-15T23:33:24.534	2023-10-15T23:33:24.534	0.0320000000
139	1	это же  баскова тесть.ну и семейка.обалдеть.	1	false				https://platform.toloka.ai/task/41793133/00027db66d--652c769f9404dc38e65bf7f6	00027db66d--652c6a9bac0d3c5e4b2bd9b6	00027db66d--652c769f9404dc38e65bf7f6	00027db66d--652c769f9404dc38e65bf7f1	3f98ce04a79a849dc619741275546af4	APPROVED	2023-10-15T23:32:47.148	2023-10-15T23:33:19.970	2023-10-15T23:33:19.970	0.0300000000
4	control	Ага, именно твак вы, на нас все стрелки переводите! А вы прямо ангелочки майданные, белые и пушистые!	1	false	true			https://platform.toloka.ai/task/41793133/00027db66d--652c769f9404dc38e65bf7f6	00027db66d--652c699d593a5b043e022791	00027db66d--652c769f9404dc38e65bf7f6	00027db66d--652c769f9404dc38e65bf7f1	3f98ce04a79a849dc619741275546af4	APPROVED	2023-10-15T23:32:47.148	2023-10-15T23:33:19.970	2023-10-15T23:33:19.970	0.0300000000
465	1	путин правит россией люди в нищете живут, вывод- запад вторгся в россию без войны	1	false				https://platform.toloka.ai/task/41793133/00027db66d--652c769f9404dc38e65bf7f6	00027db66d--652c6a9fac0d3c5e4b2bdc72	00027db66d--652c769f9404dc38e65bf7f6	00027db66d--652c769f9404dc38e65bf7f1	3f98ce04a79a849dc619741275546af4	APPROVED	2023-10-15T23:32:47.148	2023-10-15T23:33:19.970	2023-10-15T23:33:19.970	0.0300000000
382	1	я такую стройку впервые вижу.	1	false				https://platform.toloka.ai/task/41793133/00027db66d--652c76a9a8ebdc7126d305d5	00027db66d--652c6a9eac0d3c5e4b2bdbca	00027db66d--652c76a9a8ebdc7126d305d5	00027db66d--652c76a9a8ebdc7126d305d3	0c5d70f4929c89f095b2b226e1e419bb	APPROVED	2023-10-15T23:32:57.133	2023-10-15T23:33:19.723	2023-10-15T23:33:19.723	0.0300000000
210	1	Ну и второе и самое важное для европы и американцев.	1	false				https://platform.toloka.ai/task/41793133/00027db66d--652c76a9a8ebdc7126d305d5	00027db66d--652c6a9cac0d3c5e4b2bda54	00027db66d--652c76a9a8ebdc7126d305d5	00027db66d--652c76a9a8ebdc7126d305d3	0c5d70f4929c89f095b2b226e1e419bb	APPROVED	2023-10-15T23:32:57.133	2023-10-15T23:33:19.723	2023-10-15T23:33:19.723	0.0300000000
13	control	Админы, вы ненормальные из 500 прокруток не одного рейда что за правила нехорошие надо выходить из игры	1	false	false			https://platform.toloka.ai/task/41793133/00027db66d--652c76a9a8ebdc7126d305d5	00027db66d--652c699d593a5b043e0227a3	00027db66d--652c76a9a8ebdc7126d305d5	00027db66d--652c76a9a8ebdc7126d305d3	0c5d70f4929c89f095b2b226e1e419bb	APPROVED	2023-10-15T23:32:57.133	2023-10-15T23:33:19.723	2023-10-15T23:33:19.723	0.0300000000
551	1	да он здоровый  . и самое главное, что бог его не наказывает.	1	false				https://platform.toloka.ai/task/41793133/00027db66d--652c76c1a8ebdc7126d311fe	00027db66d--652c6aa0ac0d3c5e4b2bdd20	00027db66d--652c76c1a8ebdc7126d311fe	00027db66d--652c76c1a8ebdc7126d311f9	0c5d70f4929c89f095b2b226e1e419bb	APPROVED	2023-10-15T23:33:21.197	2023-10-15T23:34:05.582	2023-10-15T23:34:05.582	0.0300000000
7	control	Неужели не доходит, что жалоба прилетит уже не от робота?	1	false	true			https://platform.toloka.ai/task/41793133/00027db66d--652c76c1a8ebdc7126d311fe	00027db66d--652c699d593a5b043e022797	00027db66d--652c76c1a8ebdc7126d311fe	00027db66d--652c76c1a8ebdc7126d311f9	0c5d70f4929c89f095b2b226e1e419bb	APPROVED	2023-10-15T23:33:21.197	2023-10-15T23:34:05.582	2023-10-15T23:34:05.582	0.0300000000
144	1	осторожно мошенники,эти люди  гуляют по интернету и обманывают людей,этот товар белорусской фабрики и стоит он от 4000 руб.	1	false				https://platform.toloka.ai/task/41793133/00027db66d--652c76c1a8ebdc7126d311fe	00027db66d--652c6a9bac0d3c5e4b2bd9c0	00027db66d--652c76c1a8ebdc7126d311fe	00027db66d--652c76c1a8ebdc7126d311f9	0c5d70f4929c89f095b2b226e1e419bb	APPROVED	2023-10-15T23:33:21.197	2023-10-15T23:34:05.582	2023-10-15T23:34:05.582	0.0300000000
11	control	Сами же вчера ещё проигрывали с ватных ВР ТИ, а сегодня сами той же ерундой занялись	1	true	false			https://platform.toloka.ai/task/41793133/00027db66d--652c76c567632923dd5f5c05	00027db66d--652c699d593a5b043e02279f	00027db66d--652c76c567632923dd5f5c05	00027db66d--652c76c567632923dd5f5c03	c519e5caa0254210d106824b3d2fdfa2	APPROVED	2023-10-15T23:33:25.903	2023-10-15T23:34:02.858	2023-10-15T23:34:02.858	0.0320000000
210	1	Ну и второе и самое важное для европы и американцев.	1	false				https://platform.toloka.ai/task/41793133/00027db66d--652c76c567632923dd5f5c05	00027db66d--652c6a9cac0d3c5e4b2bda54	00027db66d--652c76c567632923dd5f5c05	00027db66d--652c76c567632923dd5f5c03	c519e5caa0254210d106824b3d2fdfa2	APPROVED	2023-10-15T23:33:25.903	2023-10-15T23:34:02.858	2023-10-15T23:34:02.858	0.0320000000
34	1	Ты юрист или нет?	1	false				https://platform.toloka.ai/task/41793133/00027db66d--652c76c567632923dd5f5c05	00027db66d--652c6a9aac0d3c5e4b2bd8d9	00027db66d--652c76c567632923dd5f5c05	00027db66d--652c76c567632923dd5f5c03	c519e5caa0254210d106824b3d2fdfa2	APPROVED	2023-10-15T23:33:25.903	2023-10-15T23:34:02.858	2023-10-15T23:34:02.858	0.0320000000
551	1	да он здоровый  . и самое главное, что бог его не наказывает.	1	false				https://platform.toloka.ai/task/41793133/00027db66d--652c76ec4f14b96d9b21255b	00027db66d--652c6aa0ac0d3c5e4b2bdd20	00027db66d--652c76ec4f14b96d9b21255b	00027db66d--652c76ec4f14b96d9b212559	c519e5caa0254210d106824b3d2fdfa2	APPROVED	2023-10-15T23:34:04.510	2023-10-15T23:34:38.410	2023-10-15T23:34:38.410	0.0300000000
114	1	Бабушка, Вы уже всем нахамили, кому только было возможно. Это Ваш образ жизни, искренне сочувствую домашним.	1	false				https://platform.toloka.ai/task/41793133/00027db66d--652c76ec4f14b96d9b21255b	00027db66d--652c6a9bac0d3c5e4b2bd984	00027db66d--652c76ec4f14b96d9b21255b	00027db66d--652c76ec4f14b96d9b212559	c519e5caa0254210d106824b3d2fdfa2	APPROVED	2023-10-15T23:34:04.510	2023-10-15T23:34:38.410	2023-10-15T23:34:38.410	0.0300000000
4	control	Ага, именно твак вы, на нас все стрелки переводите! А вы прямо ангелочки майданные, белые и пушистые!	1	false	true			https://platform.toloka.ai/task/41793133/00027db66d--652c76ec4f14b96d9b21255b	00027db66d--652c699d593a5b043e022791	00027db66d--652c76ec4f14b96d9b21255b	00027db66d--652c76ec4f14b96d9b212559	c519e5caa0254210d106824b3d2fdfa2	APPROVED	2023-10-15T23:34:04.510	2023-10-15T23:34:38.410	2023-10-15T23:34:38.410	0.0300000000
10	control	Опять кто-то появился..провокатор..	1	false	false			https://platform.toloka.ai/task/41793133/00027db66d--652c76ee67632923dd5f66ac	00027db66d--652c699d593a5b043e02279d	00027db66d--652c76ee67632923dd5f66ac	00027db66d--652c76ee67632923dd5f66a8	0c5d70f4929c89f095b2b226e1e419bb	APPROVED	2023-10-15T23:34:06.880	2023-10-15T23:34:33.295	2023-10-15T23:34:33.295	0.0300000000
104	1	где такие, как хотя бы пан Марцинкевич? Эта строка перечеркнула всё выше написанное.	1	false				https://platform.toloka.ai/task/41793133/00027db66d--652c76ee67632923dd5f66ac	00027db66d--652c6a9bac0d3c5e4b2bd96f	00027db66d--652c76ee67632923dd5f66ac	00027db66d--652c76ee67632923dd5f66a8	0c5d70f4929c89f095b2b226e1e419bb	APPROVED	2023-10-15T23:34:06.880	2023-10-15T23:34:33.295	2023-10-15T23:34:33.295	0.0300000000
694	1	Как можно так назвать своего ребенка!	1	false				https://platform.toloka.ai/task/41793133/00027db66d--652c76ee67632923dd5f66ac	00027db66d--652c6aa1ac0d3c5e4b2bde40	00027db66d--652c76ee67632923dd5f66ac	00027db66d--652c76ee67632923dd5f66a8	0c5d70f4929c89f095b2b226e1e419bb	APPROVED	2023-10-15T23:34:06.880	2023-10-15T23:34:33.295	2023-10-15T23:34:33.295	0.0300000000
369	1	Бедненький ребёночек, наказать того человека, что ударил	1	false				https://platform.toloka.ai/task/41793133/00027db66d--652c76fca8ebdc7126d31b70	00027db66d--652c6a9eac0d3c5e4b2bdbb0	00027db66d--652c76fca8ebdc7126d31b70	00027db66d--652c76fca8ebdc7126d31b6e	3f98ce04a79a849dc619741275546af4	APPROVED	2023-10-15T23:34:20.959	2023-10-15T23:34:37.621	2023-10-15T23:34:37.621	0.0300000000
555	1	Это не игра, а ересь. Какие модераторы и админы, такая и игра.	1	true				https://platform.toloka.ai/task/41793133/00027db66d--652c76fca8ebdc7126d31b70	00027db66d--652c6aa0ac0d3c5e4b2bdd28	00027db66d--652c76fca8ebdc7126d31b70	00027db66d--652c76fca8ebdc7126d31b6e	3f98ce04a79a849dc619741275546af4	APPROVED	2023-10-15T23:34:20.959	2023-10-15T23:34:37.621	2023-10-15T23:34:37.621	0.0300000000
2	control	Вата как всегда врет. Мне 55 лет, а вы в Европе живете	1	true	true			https://platform.toloka.ai/task/41793133/00027db66d--652c76fca8ebdc7126d31b70	00027db66d--652c699d593a5b043e02278d	00027db66d--652c76fca8ebdc7126d31b70	00027db66d--652c76fca8ebdc7126d31b6e	3f98ce04a79a849dc619741275546af4	APPROVED	2023-10-15T23:34:20.959	2023-10-15T23:34:37.621	2023-10-15T23:34:37.621	0.0300000000
37	control	это не от того что желающих работать нет. а от того что эти единоросы душат всеми возможными способами сельское хозяйство	1	false	false			https://platform.toloka.ai/task/41793133/00027db66d--652c770aa8ebdc7126d31d8c	00027db66d--652c699e593a5b043e0227d3	00027db66d--652c770aa8ebdc7126d31d8c	00027db66d--652c770aa8ebdc7126d31d86	0c5d70f4929c89f095b2b226e1e419bb	APPROVED	2023-10-15T23:34:34.687	2023-10-15T23:35:18.496	2023-10-15T23:35:18.496	0.0300000000
655	1	стесняюсь спросить,а каких методов пропаганды придерживается российский маршал пропаганды, он же человек и многих других определений обладатель????	1	false				https://platform.toloka.ai/task/41793133/00027db66d--652c770aa8ebdc7126d31d8c	00027db66d--652c6aa1ac0d3c5e4b2bddf2	00027db66d--652c770aa8ebdc7126d31d8c	00027db66d--652c770aa8ebdc7126d31d86	0c5d70f4929c89f095b2b226e1e419bb	APPROVED	2023-10-15T23:34:34.687	2023-10-15T23:35:18.496	2023-10-15T23:35:18.496	0.0300000000
114	1	Бабушка, Вы уже всем нахамили, кому только было возможно. Это Ваш образ жизни, искренне сочувствую домашним.	1	false				https://platform.toloka.ai/task/41793133/00027db66d--652c770aa8ebdc7126d31d8c	00027db66d--652c6a9bac0d3c5e4b2bd984	00027db66d--652c770aa8ebdc7126d31d8c	00027db66d--652c770aa8ebdc7126d31d86	0c5d70f4929c89f095b2b226e1e419bb	APPROVED	2023-10-15T23:34:34.687	2023-10-15T23:35:18.496	2023-10-15T23:35:18.496	0.0300000000
384	1	Канада пристанище украинцев, не удивительно ,что они Россию недолюбливают.	1	false				https://platform.toloka.ai/task/41793133/00027db66d--652c770e9404dc38e65c0b64	00027db66d--652c6a9eac0d3c5e4b2bdbce	00027db66d--652c770e9404dc38e65c0b64	00027db66d--652c770e9404dc38e65c0b61	3f98ce04a79a849dc619741275546af4	APPROVED	2023-10-15T23:34:38.982	2023-10-15T23:35:05.809	2023-10-15T23:35:05.809	0.0300000000
12	control	Как будто украинцы что-то там решают	1	true	false			https://platform.toloka.ai/task/41793133/00027db66d--652c770e9404dc38e65c0b64	00027db66d--652c699d593a5b043e0227a1	00027db66d--652c770e9404dc38e65c0b64	00027db66d--652c770e9404dc38e65c0b61	3f98ce04a79a849dc619741275546af4	APPROVED	2023-10-15T23:34:38.982	2023-10-15T23:35:05.809	2023-10-15T23:35:05.809	0.0300000000
308	1	Ты на кого ногу поднял	1	false				https://platform.toloka.ai/task/41793133/00027db66d--652c770e9404dc38e65c0b64	00027db66d--652c6a9dac0d3c5e4b2bdb24	00027db66d--652c770e9404dc38e65c0b64	00027db66d--652c770e9404dc38e65c0b61	3f98ce04a79a849dc619741275546af4	APPROVED	2023-10-15T23:34:38.982	2023-10-15T23:35:05.809	2023-10-15T23:35:05.809	0.0300000000
40	control	Уйди с дороги россиян	1	true	false			https://platform.toloka.ai/task/41793133/00027db66d--652c7748a8ebdc7126d32914	00027db66d--652c699e593a5b043e0227d9	00027db66d--652c7748a8ebdc7126d32914	00027db66d--652c7748a8ebdc7126d3290f	0c5d70f4929c89f095b2b226e1e419bb	APPROVED	2023-10-15T23:35:36.727	2023-10-15T23:36:04.294	2023-10-15T23:36:04.294	0.0300000000
730	1	народ, вы в своей группе как такую ерунду допускаете?	1	false				https://platform.toloka.ai/task/41793133/00027db66d--652c7748a8ebdc7126d32914	00027db66d--652c6aa2ac0d3c5e4b2bde8a	00027db66d--652c7748a8ebdc7126d32914	00027db66d--652c7748a8ebdc7126d3290f	0c5d70f4929c89f095b2b226e1e419bb	APPROVED	2023-10-15T23:35:36.727	2023-10-15T23:36:04.294	2023-10-15T23:36:04.294	0.0300000000
610	1	Послушай, почему сразу оскорбляешь?	1	false				https://platform.toloka.ai/task/41793133/00027db66d--652c7748a8ebdc7126d32914	00027db66d--652c6aa1ac0d3c5e4b2bdd97	00027db66d--652c7748a8ebdc7126d32914	00027db66d--652c7748a8ebdc7126d3290f	0c5d70f4929c89f095b2b226e1e419bb	APPROVED	2023-10-15T23:35:36.727	2023-10-15T23:36:04.294	2023-10-15T23:36:04.294	0.0300000000
210	1	Ну и второе и самое важное для европы и американцев.	1	false				https://platform.toloka.ai/task/41793133/00027db66d--652c774d4f14b96d9b2139b3	00027db66d--652c6a9cac0d3c5e4b2bda54	00027db66d--652c774d4f14b96d9b2139b3	00027db66d--652c774d4f14b96d9b2139b0	14dd9cf9127b6f519b09fa25e0cfd431	APPROVED	2023-10-15T23:35:41.708	2023-10-15T23:35:59.414	2023-10-15T23:35:59.414	0.0300000000
367	1	уж больно ты грозен	1	false				https://platform.toloka.ai/task/41793133/00027db66d--652c774d4f14b96d9b2139b3	00027db66d--652c6a9eac0d3c5e4b2bdbac	00027db66d--652c774d4f14b96d9b2139b3	00027db66d--652c774d4f14b96d9b2139b0	14dd9cf9127b6f519b09fa25e0cfd431	APPROVED	2023-10-15T23:35:41.708	2023-10-15T23:35:59.414	2023-10-15T23:35:59.414	0.0300000000
15	control	надо как в саудовской аравии наказать при честном народе я убежден что он пьяный был	1	false	false			https://platform.toloka.ai/task/41793133/00027db66d--652c774d4f14b96d9b2139b3	00027db66d--652c699d593a5b043e0227a7	00027db66d--652c774d4f14b96d9b2139b3	00027db66d--652c774d4f14b96d9b2139b0	14dd9cf9127b6f519b09fa25e0cfd431	APPROVED	2023-10-15T23:35:41.708	2023-10-15T23:35:59.414	2023-10-15T23:35:59.414	0.0300000000
253	1	Почему он на свободе!	1	false				https://platform.toloka.ai/task/41793133/00027db66d--652c7760e013ff63cfee959b	00027db66d--652c6a9cac0d3c5e4b2bdab0	00027db66d--652c7760e013ff63cfee959b	00027db66d--652c7760e013ff63cfee9599	14dd9cf9127b6f519b09fa25e0cfd431	APPROVED	2023-10-15T23:36:00.598	2023-10-15T23:36:24.496	2023-10-15T23:36:24.496	0.0300000000
23	control	В окоп бы его!	1	false	false			https://platform.toloka.ai/task/41793133/00027db66d--652c7760e013ff63cfee959b	00027db66d--652c699d593a5b043e0227b7	00027db66d--652c7760e013ff63cfee959b	00027db66d--652c7760e013ff63cfee9599	14dd9cf9127b6f519b09fa25e0cfd431	APPROVED	2023-10-15T23:36:00.598	2023-10-15T23:36:24.496	2023-10-15T23:36:24.496	0.0300000000
19	1	Не ври,никто к вам в ДНР не собирается	1	false				https://platform.toloka.ai/task/41793133/00027db66d--652c7760e013ff63cfee959b	00027db66d--652c6a9aac0d3c5e4b2bd8bb	00027db66d--652c7760e013ff63cfee959b	00027db66d--652c7760e013ff63cfee9599	14dd9cf9127b6f519b09fa25e0cfd431	APPROVED	2023-10-15T23:36:00.598	2023-10-15T23:36:24.496	2023-10-15T23:36:24.496	0.0300000000
367	1	уж больно ты грозен	1	false				https://platform.toloka.ai/task/41793133/00027db66d--652c7767a8ebdc7126d32ecf	00027db66d--652c6a9eac0d3c5e4b2bdbac	00027db66d--652c7767a8ebdc7126d32ecf	00027db66d--652c7767a8ebdc7126d32eca	0c5d70f4929c89f095b2b226e1e419bb	APPROVED	2023-10-15T23:36:07.187	2023-10-15T23:36:33.672	2023-10-15T23:36:33.672	0.0300000000
22	control	да ты бабуля уже всем надоела, кому только было возможно. это твой образ жизни, искренне сочувствую домашним.	1	false	false			https://platform.toloka.ai/task/41793133/00027db66d--652c7767a8ebdc7126d32ecf	00027db66d--652c699d593a5b043e0227b5	00027db66d--652c7767a8ebdc7126d32ecf	00027db66d--652c7767a8ebdc7126d32eca	0c5d70f4929c89f095b2b226e1e419bb	APPROVED	2023-10-15T23:36:07.187	2023-10-15T23:36:33.672	2023-10-15T23:36:33.672	0.0300000000
19	1	Не ври,никто к вам в ДНР не собирается	1	false				https://platform.toloka.ai/task/41793133/00027db66d--652c7767a8ebdc7126d32ecf	00027db66d--652c6a9aac0d3c5e4b2bd8bb	00027db66d--652c7767a8ebdc7126d32ecf	00027db66d--652c7767a8ebdc7126d32eca	0c5d70f4929c89f095b2b226e1e419bb	APPROVED	2023-10-15T23:36:07.187	2023-10-15T23:36:33.672	2023-10-15T23:36:33.672	0.0300000000
17	control	Возраст подняли нам... А ноешь ты.. Ну а вам еще поднимут,но вы не доживете	1	false	false			https://platform.toloka.ai/task/41793133/00027db66d--652c7779a8ebdc7126d33206	00027db66d--652c699d593a5b043e0227ab	00027db66d--652c7779a8ebdc7126d33206	00027db66d--652c7779a8ebdc7126d33204	14dd9cf9127b6f519b09fa25e0cfd431	APPROVED	2023-10-15T23:36:25.995	2023-10-15T23:36:49.433	2023-10-15T23:36:49.433	0.0300000000
551	1	да он здоровый  . и самое главное, что бог его не наказывает.	1	false				https://platform.toloka.ai/task/41793133/00027db66d--652c7779a8ebdc7126d33206	00027db66d--652c6aa0ac0d3c5e4b2bdd20	00027db66d--652c7779a8ebdc7126d33206	00027db66d--652c7779a8ebdc7126d33204	14dd9cf9127b6f519b09fa25e0cfd431	APPROVED	2023-10-15T23:36:25.995	2023-10-15T23:36:49.433	2023-10-15T23:36:49.433	0.0300000000
730	1	народ, вы в своей группе как такую ерунду допускаете?	1	false				https://platform.toloka.ai/task/41793133/00027db66d--652c7779a8ebdc7126d33206	00027db66d--652c6aa2ac0d3c5e4b2bde8a	00027db66d--652c7779a8ebdc7126d33206	00027db66d--652c7779a8ebdc7126d33204	14dd9cf9127b6f519b09fa25e0cfd431	APPROVED	2023-10-15T23:36:25.995	2023-10-15T23:36:49.433	2023-10-15T23:36:49.433	0.0300000000
6	control	Я бы их наказала без сожеления, а рука у меня тяжелая	1	false	true			https://platform.toloka.ai/task/41793133/00027db66d--652c778267632923dd5f8689	00027db66d--652c699d593a5b043e022795	00027db66d--652c778267632923dd5f8689	00027db66d--652c778267632923dd5f8684	0c5d70f4929c89f095b2b226e1e419bb	APPROVED	2023-10-15T23:36:34.962	2023-10-15T23:37:00.082	2023-10-15T23:37:00.082	0.0300000000
226	1	А ты зачем здесь?	1	false				https://platform.toloka.ai/task/41793133/00027db66d--652c778267632923dd5f8689	00027db66d--652c6a9cac0d3c5e4b2bda76	00027db66d--652c778267632923dd5f8689	00027db66d--652c778267632923dd5f8684	0c5d70f4929c89f095b2b226e1e419bb	APPROVED	2023-10-15T23:36:34.962	2023-10-15T23:37:00.082	2023-10-15T23:37:00.082	0.0300000000
15	1	добили пару головастиков и испугались.	1	true				https://platform.toloka.ai/task/41793133/00027db66d--652c778267632923dd5f8689	00027db66d--652c6a9aac0d3c5e4b2bd8b2	00027db66d--652c778267632923dd5f8689	00027db66d--652c778267632923dd5f8684	0c5d70f4929c89f095b2b226e1e419bb	APPROVED	2023-10-15T23:36:34.962	2023-10-15T23:37:00.082	2023-10-15T23:37:00.082	0.0300000000
226	1	А ты зачем здесь?	1	false				https://platform.toloka.ai/task/41793133/00027db66d--652c7792e013ff63cfeea1da	00027db66d--652c6a9cac0d3c5e4b2bda76	00027db66d--652c7792e013ff63cfeea1da	00027db66d--652c7792e013ff63cfeea1c7	14dd9cf9127b6f519b09fa25e0cfd431	APPROVED	2023-10-15T23:36:50.733	2023-10-15T23:37:39.303	2023-10-15T23:37:39.303	0.0300000000
18	control	кто смотрит этого наливкина от одного его вида воротит.. непонятно что несёт	1	false	false			https://platform.toloka.ai/task/41793133/00027db66d--652c7792e013ff63cfeea1da	00027db66d--652c699d593a5b043e0227ad	00027db66d--652c7792e013ff63cfeea1da	00027db66d--652c7792e013ff63cfeea1c7	14dd9cf9127b6f519b09fa25e0cfd431	APPROVED	2023-10-15T23:36:50.733	2023-10-15T23:37:39.303	2023-10-15T23:37:39.303	0.0300000000
7	1	Найти и пусть отвечает за свои поступки	1	false				https://platform.toloka.ai/task/41793133/00027db66d--652c7792e013ff63cfeea1da	00027db66d--652c6a9aac0d3c5e4b2bd8a2	00027db66d--652c7792e013ff63cfeea1da	00027db66d--652c7792e013ff63cfeea1c7	14dd9cf9127b6f519b09fa25e0cfd431	APPROVED	2023-10-15T23:36:50.733	2023-10-15T23:37:39.303	2023-10-15T23:37:39.303	0.0300000000
683	1	Ничего человеческого не осталось	1	false				https://platform.toloka.ai/task/41793133/00027db66d--652c77c4e013ff63cfeeab50	00027db66d--652c6aa1ac0d3c5e4b2bde2a	00027db66d--652c77c4e013ff63cfeeab50	00027db66d--652c77c4e013ff63cfeeab4c	14dd9cf9127b6f519b09fa25e0cfd431	APPROVED	2023-10-15T23:37:40.622	2023-10-15T23:38:10.224	2023-10-15T23:38:10.224	0.0300000000
114	1	Бабушка, Вы уже всем нахамили, кому только было возможно. Это Ваш образ жизни, искренне сочувствую домашним.	1	false				https://platform.toloka.ai/task/41793133/00027db66d--652c77c4e013ff63cfeeab50	00027db66d--652c6a9bac0d3c5e4b2bd984	00027db66d--652c77c4e013ff63cfeeab50	00027db66d--652c77c4e013ff63cfeeab4c	14dd9cf9127b6f519b09fa25e0cfd431	APPROVED	2023-10-15T23:37:40.622	2023-10-15T23:38:10.224	2023-10-15T23:38:10.224	0.0300000000
14	control	а вот этот на картинке, кого копытами топчет.мой ответ был тому, кто выставил этот пост.	1	true	false			https://platform.toloka.ai/task/41793133/00027db66d--652c77c4e013ff63cfeeab50	00027db66d--652c699d593a5b043e0227a5	00027db66d--652c77c4e013ff63cfeeab50	00027db66d--652c77c4e013ff63cfeeab4c	14dd9cf9127b6f519b09fa25e0cfd431	APPROVED	2023-10-15T23:37:40.622	2023-10-15T23:38:10.224	2023-10-15T23:38:10.224	0.0300000000
712	1	Почитаешь комментарии вроде все всё понимают нет всё равно надо испортить сломать украсть. Наказать бы их	1	false				https://platform.toloka.ai/task/41793133/00027db66d--652c77e3e013ff63cfeeb013	00027db66d--652c6aa2ac0d3c5e4b2bde66	00027db66d--652c77e3e013ff63cfeeb013	00027db66d--652c77e3e013ff63cfeeb011	14dd9cf9127b6f519b09fa25e0cfd431	APPROVED	2023-10-15T23:38:11.614	2023-10-15T23:38:29.680	2023-10-15T23:38:29.680	0.0300000000
15	1	добили пару головастиков и испугались.	1	true				https://platform.toloka.ai/task/41793133/00027db66d--652c77e3e013ff63cfeeb013	00027db66d--652c6a9aac0d3c5e4b2bd8b2	00027db66d--652c77e3e013ff63cfeeb013	00027db66d--652c77e3e013ff63cfeeb011	14dd9cf9127b6f519b09fa25e0cfd431	APPROVED	2023-10-15T23:38:11.614	2023-10-15T23:38:29.680	2023-10-15T23:38:29.680	0.0300000000
27	control	твоя церковь тебе не поможет	1	true	false			https://platform.toloka.ai/task/41793133/00027db66d--652c77e3e013ff63cfeeb013	00027db66d--652c699d593a5b043e0227bf	00027db66d--652c77e3e013ff63cfeeb013	00027db66d--652c77e3e013ff63cfeeb011	14dd9cf9127b6f519b09fa25e0cfd431	APPROVED	2023-10-15T23:38:11.614	2023-10-15T23:38:29.680	2023-10-15T23:38:29.680	0.0300000000
714	1	Прогонять их надо толку нету от них	1	false				https://platform.toloka.ai/task/41793133/00027db66d--652c780d9404dc38e65c3e33	00027db66d--652c6aa2ac0d3c5e4b2bde6a	00027db66d--652c780d9404dc38e65c3e33	00027db66d--652c780d9404dc38e65c3e2a	14dd9cf9127b6f519b09fa25e0cfd431	APPROVED	2023-10-15T23:38:53.910	2023-10-15T23:39:17.538	2023-10-15T23:39:17.538	0.0300000000
34	1	Ты юрист или нет?	1	false				https://platform.toloka.ai/task/41793133/00027db66d--652c780d9404dc38e65c3e33	00027db66d--652c6a9aac0d3c5e4b2bd8d9	00027db66d--652c780d9404dc38e65c3e33	00027db66d--652c780d9404dc38e65c3e2a	14dd9cf9127b6f519b09fa25e0cfd431	APPROVED	2023-10-15T23:38:53.910	2023-10-15T23:39:17.538	2023-10-15T23:39:17.538	0.0300000000
40	control	Уйди с дороги россиян	1	false	false			https://platform.toloka.ai/task/41793133/00027db66d--652c780d9404dc38e65c3e33	00027db66d--652c699e593a5b043e0227d9	00027db66d--652c780d9404dc38e65c3e33	00027db66d--652c780d9404dc38e65c3e2a	14dd9cf9127b6f519b09fa25e0cfd431	APPROVED	2023-10-15T23:38:53.910	2023-10-15T23:39:17.538	2023-10-15T23:39:17.538	0.0300000000
0	control	Ой не сиди и там ври на случай если кто-то сидит и тvаги ро раге там ворует	1	false	true			https://platform.toloka.ai/task/41793133/00027db66d--652c7826e013ff63cfeebd0d	00027db66d--652c699d593a5b043e022789	00027db66d--652c7826e013ff63cfeebd0d	00027db66d--652c7826e013ff63cfeebd09	14dd9cf9127b6f519b09fa25e0cfd431	APPROVED	2023-10-15T23:39:18.776	2023-10-15T23:39:41.596	2023-10-15T23:39:41.596	0.0300000000
104	1	где такие, как хотя бы пан Марцинкевич? Эта строка перечеркнула всё выше написанное.	1	false				https://platform.toloka.ai/task/41793133/00027db66d--652c7826e013ff63cfeebd0d	00027db66d--652c6a9bac0d3c5e4b2bd96f	00027db66d--652c7826e013ff63cfeebd0d	00027db66d--652c7826e013ff63cfeebd09	14dd9cf9127b6f519b09fa25e0cfd431	APPROVED	2023-10-15T23:39:18.776	2023-10-15T23:39:41.596	2023-10-15T23:39:41.596	0.0300000000
648	1	При фотографе он трогает сульшера,представьте что там без фотографа происходит	1	false				https://platform.toloka.ai/task/41793133/00027db66d--652c7826e013ff63cfeebd0d	00027db66d--652c6aa1ac0d3c5e4b2bdde4	00027db66d--652c7826e013ff63cfeebd0d	00027db66d--652c7826e013ff63cfeebd09	14dd9cf9127b6f519b09fa25e0cfd431	APPROVED	2023-10-15T23:39:18.776	2023-10-15T23:39:41.596	2023-10-15T23:39:41.596	0.0300000000
210	1	Ну и второе и самое важное для европы и американцев.	1	false				https://platform.toloka.ai/task/41793133/00027db66d--652c7913e013ff63cfeee97f	00027db66d--652c6a9cac0d3c5e4b2bda54	00027db66d--652c7913e013ff63cfeee97f	00027db66d--652c7913e013ff63cfeee97d	0c235f60b8ff3136f0e15d921d438418	APPROVED	2023-10-15T23:43:15.520	2023-10-15T23:43:38.292	2023-10-15T23:43:38.292	0.0300000000
28	control	С такими людьми как ты общаться не можно	1	true	false			https://platform.toloka.ai/task/41793133/00027db66d--652c7913e013ff63cfeee97f	00027db66d--652c699d593a5b043e0227c1	00027db66d--652c7913e013ff63cfeee97f	00027db66d--652c7913e013ff63cfeee97d	0c235f60b8ff3136f0e15d921d438418	APPROVED	2023-10-15T23:43:15.520	2023-10-15T23:43:38.292	2023-10-15T23:43:38.292	0.0300000000
367	1	уж больно ты грозен	1	false				https://platform.toloka.ai/task/41793133/00027db66d--652c7913e013ff63cfeee97f	00027db66d--652c6a9eac0d3c5e4b2bdbac	00027db66d--652c7913e013ff63cfeee97f	00027db66d--652c7913e013ff63cfeee97d	0c235f60b8ff3136f0e15d921d438418	APPROVED	2023-10-15T23:43:15.520	2023-10-15T23:43:38.292	2023-10-15T23:43:38.292	0.0300000000
610	1	Послушай, почему сразу оскорбляешь?	1	false				https://platform.toloka.ai/task/41793133/00027db66d--652c793e67632923dd5fe40c	00027db66d--652c6aa1ac0d3c5e4b2bdd97	00027db66d--652c793e67632923dd5fe40c	00027db66d--652c793e67632923dd5fe409	b8131cada535d1467a140f3249d7dc03	APPROVED	2023-10-15T23:43:58.185	2023-10-15T23:44:41.020	2023-10-15T23:44:41.020	0.0320000000
114	1	Бабушка, Вы уже всем нахамили, кому только было возможно. Это Ваш образ жизни, искренне сочувствую домашним.	1	false				https://platform.toloka.ai/task/41793133/00027db66d--652c793e67632923dd5fe40c	00027db66d--652c6a9bac0d3c5e4b2bd984	00027db66d--652c793e67632923dd5fe40c	00027db66d--652c793e67632923dd5fe409	b8131cada535d1467a140f3249d7dc03	APPROVED	2023-10-15T23:43:58.185	2023-10-15T23:44:41.020	2023-10-15T23:44:41.020	0.0320000000
38	control	Первый раз слышу что бы обезьян так обзывали	1	false	false			https://platform.toloka.ai/task/41793133/00027db66d--652c793e67632923dd5fe40c	00027db66d--652c699e593a5b043e0227d5	00027db66d--652c793e67632923dd5fe40c	00027db66d--652c793e67632923dd5fe409	b8131cada535d1467a140f3249d7dc03	APPROVED	2023-10-15T23:43:58.185	2023-10-15T23:44:41.020	2023-10-15T23:44:41.020	0.0320000000
712	1	Почитаешь комментарии вроде все всё понимают нет всё равно надо испортить сломать украсть. Наказать бы их	1	false				https://platform.toloka.ai/task/41793133/00027db66d--652c796aa8ebdc7126d392a2	00027db66d--652c6aa2ac0d3c5e4b2bde66	00027db66d--652c796aa8ebdc7126d392a2	00027db66d--652c796aa8ebdc7126d392a0	b8131cada535d1467a140f3249d7dc03	APPROVED	2023-10-15T23:44:42.291	2023-10-15T23:45:15.123	2023-10-15T23:45:15.123	0.0320000000
694	1	Как можно так назвать своего ребенка!	1	false				https://platform.toloka.ai/task/41793133/00027db66d--652c796aa8ebdc7126d392a2	00027db66d--652c6aa1ac0d3c5e4b2bde40	00027db66d--652c796aa8ebdc7126d392a2	00027db66d--652c796aa8ebdc7126d392a0	b8131cada535d1467a140f3249d7dc03	APPROVED	2023-10-15T23:44:42.291	2023-10-15T23:45:15.123	2023-10-15T23:45:15.123	0.0320000000
14	control	а вот этот на картинке, кого копытами топчет.мой ответ был тому, кто выставил этот пост.	1	false	false			https://platform.toloka.ai/task/41793133/00027db66d--652c796aa8ebdc7126d392a2	00027db66d--652c699d593a5b043e0227a5	00027db66d--652c796aa8ebdc7126d392a2	00027db66d--652c796aa8ebdc7126d392a0	b8131cada535d1467a140f3249d7dc03	APPROVED	2023-10-15T23:44:42.291	2023-10-15T23:45:15.123	2023-10-15T23:45:15.123	0.0320000000
11	control	Сами же вчера ещё проигрывали с ватных ВР ТИ, а сегодня сами той же ерундой занялись	1	false	false			https://platform.toloka.ai/task/41793133/00027db66d--652c798ce013ff63cfeeff30	00027db66d--652c699d593a5b043e02279f	00027db66d--652c798ce013ff63cfeeff30	00027db66d--652c798ce013ff63cfeeff2e	b8131cada535d1467a140f3249d7dc03	APPROVED	2023-10-15T23:45:16.645	2023-10-15T23:45:52.710	2023-10-15T23:45:52.710	0.0320000000
7	1	Найти и пусть отвечает за свои поступки	1	false				https://platform.toloka.ai/task/41793133/00027db66d--652c798ce013ff63cfeeff30	00027db66d--652c6a9aac0d3c5e4b2bd8a2	00027db66d--652c798ce013ff63cfeeff30	00027db66d--652c798ce013ff63cfeeff2e	b8131cada535d1467a140f3249d7dc03	APPROVED	2023-10-15T23:45:16.645	2023-10-15T23:45:52.710	2023-10-15T23:45:52.710	0.0320000000
313	1	Хочешь я проведу с тобой ночь?	1	false				https://platform.toloka.ai/task/41793133/00027db66d--652c798ce013ff63cfeeff30	00027db66d--652c6a9dac0d3c5e4b2bdb2e	00027db66d--652c798ce013ff63cfeeff30	00027db66d--652c798ce013ff63cfeeff2e	b8131cada535d1467a140f3249d7dc03	APPROVED	2023-10-15T23:45:16.645	2023-10-15T23:45:52.710	2023-10-15T23:45:52.710	0.0320000000
367	1	уж больно ты грозен	1	false				https://platform.toloka.ai/task/41793133/00027db66d--652c79b2a8ebdc7126d39eda	00027db66d--652c6a9eac0d3c5e4b2bdbac	00027db66d--652c79b2a8ebdc7126d39eda	00027db66d--652c79b1a8ebdc7126d39ed8	b8131cada535d1467a140f3249d7dc03	APPROVED	2023-10-15T23:45:54.056	2023-10-15T23:46:17.502	2023-10-15T23:46:17.502	0.0320000000
730	1	народ, вы в своей группе как такую ерунду допускаете?	1	false				https://platform.toloka.ai/task/41793133/00027db66d--652c79b2a8ebdc7126d39eda	00027db66d--652c6aa2ac0d3c5e4b2bde8a	00027db66d--652c79b2a8ebdc7126d39eda	00027db66d--652c79b1a8ebdc7126d39ed8	b8131cada535d1467a140f3249d7dc03	APPROVED	2023-10-15T23:45:54.056	2023-10-15T23:46:17.502	2023-10-15T23:46:17.502	0.0320000000
36	control	а кто сейчас? лайкаем/гавкаем/во что превратили и сами превратились! бабки,бабло! их не заберешь на другую чторону,но спросят!	1	true	false			https://platform.toloka.ai/task/41793133/00027db66d--652c79b2a8ebdc7126d39eda	00027db66d--652c699e593a5b043e0227d1	00027db66d--652c79b2a8ebdc7126d39eda	00027db66d--652c79b1a8ebdc7126d39ed8	b8131cada535d1467a140f3249d7dc03	APPROVED	2023-10-15T23:45:54.056	2023-10-15T23:46:17.502	2023-10-15T23:46:17.502	0.0320000000
19	1	Не ври,никто к вам в ДНР не собирается	1	false				https://platform.toloka.ai/task/41793133/00027db66d--652c79ca67632923dd602600	00027db66d--652c6a9aac0d3c5e4b2bd8bb	00027db66d--652c79ca67632923dd602600	00027db66d--652c79ca67632923dd6025fc	b8131cada535d1467a140f3249d7dc03	APPROVED	2023-10-15T23:46:18.966	2023-10-15T23:47:02.420	2023-10-15T23:47:02.420	0.0300000000
16	control	а такие как ты изображают из себя рэмбов	1	false	false			https://platform.toloka.ai/task/41793133/00027db66d--652c79ca67632923dd602600	00027db66d--652c699d593a5b043e0227a9	00027db66d--652c79ca67632923dd602600	00027db66d--652c79ca67632923dd6025fc	b8131cada535d1467a140f3249d7dc03	APPROVED	2023-10-15T23:46:18.966	2023-10-15T23:47:02.420	2023-10-15T23:47:02.420	0.0300000000
449	1	Хорошее фото! Скоро глупые люди будут про радугу спорить или уже спорят	1	false				https://platform.toloka.ai/task/41793133/00027db66d--652c79ca67632923dd602600	00027db66d--652c6a9fac0d3c5e4b2bdc52	00027db66d--652c79ca67632923dd602600	00027db66d--652c79ca67632923dd6025fc	b8131cada535d1467a140f3249d7dc03	APPROVED	2023-10-15T23:46:18.966	2023-10-15T23:47:02.420	2023-10-15T23:47:02.420	0.0300000000
226	1	А ты зачем здесь?	1	false				https://platform.toloka.ai/task/41793133/00027db66d--652c79f767632923dd602e10	00027db66d--652c6a9cac0d3c5e4b2bda76	00027db66d--652c79f767632923dd602e10	00027db66d--652c79f767632923dd602e0d	b8131cada535d1467a140f3249d7dc03	APPROVED	2023-10-15T23:47:03.941	2023-10-15T23:47:20.574	2023-10-15T23:47:20.574	0.0300000000
27	control	твоя церковь тебе не поможет	1	true	false			https://platform.toloka.ai/task/41793133/00027db66d--652c79f767632923dd602e10	00027db66d--652c699d593a5b043e0227bf	00027db66d--652c79f767632923dd602e10	00027db66d--652c79f767632923dd602e0d	b8131cada535d1467a140f3249d7dc03	APPROVED	2023-10-15T23:47:03.941	2023-10-15T23:47:20.574	2023-10-15T23:47:20.574	0.0300000000
714	1	Прогонять их надо толку нету от них	1	false				https://platform.toloka.ai/task/41793133/00027db66d--652c79f767632923dd602e10	00027db66d--652c6aa2ac0d3c5e4b2bde6a	00027db66d--652c79f767632923dd602e10	00027db66d--652c79f767632923dd602e0d	b8131cada535d1467a140f3249d7dc03	APPROVED	2023-10-15T23:47:03.941	2023-10-15T23:47:20.574	2023-10-15T23:47:20.574	0.0300000000
648	1	При фотографе он трогает сульшера,представьте что там без фотографа происходит	1	false				https://platform.toloka.ai/task/41793133/00027db66d--652c7a0be013ff63cfef14a2	00027db66d--652c6aa1ac0d3c5e4b2bdde4	00027db66d--652c7a0be013ff63cfef14a2	00027db66d--652c7a0be013ff63cfef14a0	b8131cada535d1467a140f3249d7dc03	APPROVED	2023-10-15T23:47:23.722	2023-10-15T23:47:44.532	2023-10-15T23:47:44.532	0.0300000000
2	control	Вата как всегда врет. Мне 55 лет, а вы в Европе живете	1	true	true			https://platform.toloka.ai/task/41793133/00027db66d--652c7a0be013ff63cfef14a2	00027db66d--652c699d593a5b043e02278d	00027db66d--652c7a0be013ff63cfef14a2	00027db66d--652c7a0be013ff63cfef14a0	b8131cada535d1467a140f3249d7dc03	APPROVED	2023-10-15T23:47:23.722	2023-10-15T23:47:44.532	2023-10-15T23:47:44.532	0.0300000000
384	1	Канада пристанище украинцев, не удивительно ,что они Россию недолюбливают.	1	false				https://platform.toloka.ai/task/41793133/00027db66d--652c7a0be013ff63cfef14a2	00027db66d--652c6a9eac0d3c5e4b2bdbce	00027db66d--652c7a0be013ff63cfef14a2	00027db66d--652c7a0be013ff63cfef14a0	b8131cada535d1467a140f3249d7dc03	APPROVED	2023-10-15T23:47:23.722	2023-10-15T23:47:44.532	2023-10-15T23:47:44.532	0.0300000000
29	control	Не смешно-то так? Такую ерунду обычный бомж(городской сумасшедший) лучше делает, когда к прохожим пристает орет на них.	1	false	false			https://platform.toloka.ai/task/41793133/00027db66d--652c7a219404dc38e65ca32e	00027db66d--652c699d593a5b043e0227c3	00027db66d--652c7a219404dc38e65ca32e	00027db66d--652c7a219404dc38e65ca32c	b8131cada535d1467a140f3249d7dc03	APPROVED	2023-10-15T23:47:45.814	2023-10-15T23:48:09.068	2023-10-15T23:48:09.068	0.0300000000
551	1	да он здоровый  . и самое главное, что бог его не наказывает.	1	false				https://platform.toloka.ai/task/41793133/00027db66d--652c7a219404dc38e65ca32e	00027db66d--652c6aa0ac0d3c5e4b2bdd20	00027db66d--652c7a219404dc38e65ca32e	00027db66d--652c7a219404dc38e65ca32c	b8131cada535d1467a140f3249d7dc03	APPROVED	2023-10-15T23:47:45.814	2023-10-15T23:48:09.068	2023-10-15T23:48:09.068	0.0300000000
655	1	стесняюсь спросить,а каких методов пропаганды придерживается российский маршал пропаганды, он же человек и многих других определений обладатель????	1	false				https://platform.toloka.ai/task/41793133/00027db66d--652c7a219404dc38e65ca32e	00027db66d--652c6aa1ac0d3c5e4b2bddf2	00027db66d--652c7a219404dc38e65ca32e	00027db66d--652c7a219404dc38e65ca32c	b8131cada535d1467a140f3249d7dc03	APPROVED	2023-10-15T23:47:45.814	2023-10-15T23:48:09.068	2023-10-15T23:48:09.068	0.0300000000
162	1	поджигателей к стенке	1	true				https://platform.toloka.ai/task/41793133/00027db66d--652c7a3a4f14b96d9b21c937	00027db66d--652c6a9bac0d3c5e4b2bd9e5	00027db66d--652c7a3a4f14b96d9b21c937	00027db66d--652c7a3a4f14b96d9b21c933	b8131cada535d1467a140f3249d7dc03	APPROVED	2023-10-15T23:48:10.398	2023-10-15T23:48:39.936	2023-10-15T23:48:39.936	0.0300000000
139	1	это же  баскова тесть.ну и семейка.обалдеть.	1	false				https://platform.toloka.ai/task/41793133/00027db66d--652c7a3a4f14b96d9b21c937	00027db66d--652c6a9bac0d3c5e4b2bd9b6	00027db66d--652c7a3a4f14b96d9b21c937	00027db66d--652c7a3a4f14b96d9b21c933	b8131cada535d1467a140f3249d7dc03	APPROVED	2023-10-15T23:48:10.398	2023-10-15T23:48:39.936	2023-10-15T23:48:39.936	0.0300000000
9	control	https://ok.ru/profile/579040782312 этот человек провокатор!!!!!	1	true	false			https://platform.toloka.ai/task/41793133/00027db66d--652c7a3a4f14b96d9b21c937	00027db66d--652c699d593a5b043e02279b	00027db66d--652c7a3a4f14b96d9b21c937	00027db66d--652c7a3a4f14b96d9b21c933	b8131cada535d1467a140f3249d7dc03	APPROVED	2023-10-15T23:48:10.398	2023-10-15T23:48:39.936	2023-10-15T23:48:39.936	0.0300000000
683	1	Ничего человеческого не осталось	1	false				https://platform.toloka.ai/task/41793133/00027db66d--652c7a4fe013ff63cfef208d	00027db66d--652c6aa1ac0d3c5e4b2bde2a	00027db66d--652c7a4fe013ff63cfef208d	00027db66d--652c7a4fe013ff63cfef208b	e9bbcd543d9bb2095be042a482fe43e8	APPROVED	2023-10-15T23:48:31.492	2023-10-15T23:50:05.047	2023-10-15T23:50:05.047	0.0300000000
655	1	стесняюсь спросить,а каких методов пропаганды придерживается российский маршал пропаганды, он же человек и многих других определений обладатель????	1	false				https://platform.toloka.ai/task/41793133/00027db66d--652c7a4fe013ff63cfef208d	00027db66d--652c6aa1ac0d3c5e4b2bddf2	00027db66d--652c7a4fe013ff63cfef208d	00027db66d--652c7a4fe013ff63cfef208b	e9bbcd543d9bb2095be042a482fe43e8	APPROVED	2023-10-15T23:48:31.492	2023-10-15T23:50:05.047	2023-10-15T23:50:05.047	0.0300000000
36	control	а кто сейчас? лайкаем/гавкаем/во что превратили и сами превратились! бабки,бабло! их не заберешь на другую чторону,но спросят!	1	false	false			https://platform.toloka.ai/task/41793133/00027db66d--652c7a4fe013ff63cfef208d	00027db66d--652c699e593a5b043e0227d1	00027db66d--652c7a4fe013ff63cfef208d	00027db66d--652c7a4fe013ff63cfef208b	e9bbcd543d9bb2095be042a482fe43e8	APPROVED	2023-10-15T23:48:31.492	2023-10-15T23:50:05.047	2023-10-15T23:50:05.047	0.0300000000
15	1	добили пару головастиков и испугались.	1	true				https://platform.toloka.ai/task/41793133/00027db66d--652c7aae67632923dd6055af	00027db66d--652c6a9aac0d3c5e4b2bd8b2	00027db66d--652c7aae67632923dd6055af	00027db66d--652c7aae67632923dd6055a2	e9bbcd543d9bb2095be042a482fe43e8	APPROVED	2023-10-15T23:50:06.504	2023-10-15T23:51:29.848	2023-10-15T23:51:29.848	0.0300000000
712	1	Почитаешь комментарии вроде все всё понимают нет всё равно надо испортить сломать украсть. Наказать бы их	1	false				https://platform.toloka.ai/task/41793133/00027db66d--652c7aae67632923dd6055af	00027db66d--652c6aa2ac0d3c5e4b2bde66	00027db66d--652c7aae67632923dd6055af	00027db66d--652c7aae67632923dd6055a2	e9bbcd543d9bb2095be042a482fe43e8	APPROVED	2023-10-15T23:50:06.504	2023-10-15T23:51:29.848	2023-10-15T23:51:29.848	0.0300000000
2	control	Вата как всегда врет. Мне 55 лет, а вы в Европе живете	1	true	true			https://platform.toloka.ai/task/41793133/00027db66d--652c7aae67632923dd6055af	00027db66d--652c699d593a5b043e02278d	00027db66d--652c7aae67632923dd6055af	00027db66d--652c7aae67632923dd6055a2	e9bbcd543d9bb2095be042a482fe43e8	APPROVED	2023-10-15T23:50:06.504	2023-10-15T23:51:29.848	2023-10-15T23:51:29.848	0.0300000000
11	control	Сами же вчера ещё проигрывали с ватных ВР ТИ, а сегодня сами той же ерундой занялись	1	false	false			https://platform.toloka.ai/task/41793133/00027db66d--652c7b034f14b96d9b21f6f5	00027db66d--652c699d593a5b043e02279f	00027db66d--652c7b034f14b96d9b21f6f5	00027db66d--652c7b034f14b96d9b21f6e2	e9bbcd543d9bb2095be042a482fe43e8	APPROVED	2023-10-15T23:51:31.387	2023-10-15T23:53:50.462	2023-10-15T23:53:50.462	0.0300000000
239	1	руся перестань природа одарила тебя большой попой а ты  не благодарная не можешь вилять попой	1	true				https://platform.toloka.ai/task/41793133/00027db66d--652c7b034f14b96d9b21f6f5	00027db66d--652c6a9cac0d3c5e4b2bda93	00027db66d--652c7b034f14b96d9b21f6f5	00027db66d--652c7b034f14b96d9b21f6e2	e9bbcd543d9bb2095be042a482fe43e8	APPROVED	2023-10-15T23:51:31.387	2023-10-15T23:53:50.462	2023-10-15T23:53:50.462	0.0300000000
226	1	А ты зачем здесь?	1	false				https://platform.toloka.ai/task/41793133/00027db66d--652c7b034f14b96d9b21f6f5	00027db66d--652c6a9cac0d3c5e4b2bda76	00027db66d--652c7b034f14b96d9b21f6f5	00027db66d--652c7b034f14b96d9b21f6e2	e9bbcd543d9bb2095be042a482fe43e8	APPROVED	2023-10-15T23:51:31.387	2023-10-15T23:53:50.462	2023-10-15T23:53:50.462	0.0300000000
714	1	Прогонять их надо толку нету от них	1	false				https://platform.toloka.ai/task/41793133/00027db66d--652c7b929404dc38e65cf320	00027db66d--652c6aa2ac0d3c5e4b2bde6a	00027db66d--652c7b929404dc38e65cf320	00027db66d--652c7b929404dc38e65cf31e	e9bbcd543d9bb2095be042a482fe43e8	APPROVED	2023-10-15T23:53:54.157	2023-10-15T23:55:43.725	2023-10-15T23:55:43.725	0.0300000000
694	1	Как можно так назвать своего ребенка!	1	false				https://platform.toloka.ai/task/41793133/00027db66d--652c7b929404dc38e65cf320	00027db66d--652c6aa1ac0d3c5e4b2bde40	00027db66d--652c7b929404dc38e65cf320	00027db66d--652c7b929404dc38e65cf31e	e9bbcd543d9bb2095be042a482fe43e8	APPROVED	2023-10-15T23:53:54.157	2023-10-15T23:55:43.725	2023-10-15T23:55:43.725	0.0300000000
22	control	да ты бабуля уже всем надоела, кому только было возможно. это твой образ жизни, искренне сочувствую домашним.	1	false	false			https://platform.toloka.ai/task/41793133/00027db66d--652c7b929404dc38e65cf320	00027db66d--652c699d593a5b043e0227b5	00027db66d--652c7b929404dc38e65cf320	00027db66d--652c7b929404dc38e65cf31e	e9bbcd543d9bb2095be042a482fe43e8	APPROVED	2023-10-15T23:53:54.157	2023-10-15T23:55:43.725	2023-10-15T23:55:43.725	0.0300000000
162	1	поджигателей к стенке	1	true				https://platform.toloka.ai/task/41793133/00027db66d--652c7c014f14b96d9b222680	00027db66d--652c6a9bac0d3c5e4b2bd9e5	00027db66d--652c7c014f14b96d9b222680	00027db66d--652c7c014f14b96d9b222678	e9bbcd543d9bb2095be042a482fe43e8	APPROVED	2023-10-15T23:55:45.145	2023-10-15T23:57:10.310	2023-10-15T23:57:10.310	0.0300000000
38	control	Первый раз слышу что бы обезьян так обзывали	1	false	false			https://platform.toloka.ai/task/41793133/00027db66d--652c7c014f14b96d9b222680	00027db66d--652c699e593a5b043e0227d5	00027db66d--652c7c014f14b96d9b222680	00027db66d--652c7c014f14b96d9b222678	e9bbcd543d9bb2095be042a482fe43e8	APPROVED	2023-10-15T23:55:45.145	2023-10-15T23:57:10.310	2023-10-15T23:57:10.310	0.0300000000
313	1	Хочешь я проведу с тобой ночь?	1	false				https://platform.toloka.ai/task/41793133/00027db66d--652c7c014f14b96d9b222680	00027db66d--652c6a9dac0d3c5e4b2bdb2e	00027db66d--652c7c014f14b96d9b222680	00027db66d--652c7c014f14b96d9b222678	e9bbcd543d9bb2095be042a482fe43e8	APPROVED	2023-10-15T23:55:45.145	2023-10-15T23:57:10.310	2023-10-15T23:57:10.310	0.0300000000
14	control	а вот этот на картинке, кого копытами топчет.мой ответ был тому, кто выставил этот пост.	1	true	false			https://platform.toloka.ai/task/41793133/00027db66d--652c7c284f14b96d9b222cfb	00027db66d--652c699d593a5b043e0227a5	00027db66d--652c7c284f14b96d9b222cfb	00027db66d--652c7c274f14b96d9b222cf6	3cd835429e2f4b840dd11037bd972922	APPROVED	2023-10-15T23:56:24.034	2023-10-15T23:56:44.548	2023-10-15T23:56:44.548	0.0300000000
683	1	Ничего человеческого не осталось	1	false				https://platform.toloka.ai/task/41793133/00027db66d--652c7c284f14b96d9b222cfb	00027db66d--652c6aa1ac0d3c5e4b2bde2a	00027db66d--652c7c284f14b96d9b222cfb	00027db66d--652c7c274f14b96d9b222cf6	3cd835429e2f4b840dd11037bd972922	APPROVED	2023-10-15T23:56:24.034	2023-10-15T23:56:44.548	2023-10-15T23:56:44.548	0.0300000000
449	1	Хорошее фото! Скоро глупые люди будут про радугу спорить или уже спорят	1	false				https://platform.toloka.ai/task/41793133/00027db66d--652c7c284f14b96d9b222cfb	00027db66d--652c6a9fac0d3c5e4b2bdc52	00027db66d--652c7c284f14b96d9b222cfb	00027db66d--652c7c274f14b96d9b222cf6	3cd835429e2f4b840dd11037bd972922	APPROVED	2023-10-15T23:56:24.034	2023-10-15T23:56:44.548	2023-10-15T23:56:44.548	0.0300000000
16	control	а такие как ты изображают из себя рэмбов	1	false	false			https://platform.toloka.ai/task/41793133/00027db66d--652c7c499404dc38e65d1477	00027db66d--652c699d593a5b043e0227a9	00027db66d--652c7c499404dc38e65d1477	00027db66d--652c7c499404dc38e65d1475	ff426f2b2ac2718bd095969c22a109d0	APPROVED	2023-10-15T23:56:57.212	2023-10-15T23:57:43.073	2023-10-15T23:57:43.073	0.0300000000
610	1	Послушай, почему сразу оскорбляешь?	1	false				https://platform.toloka.ai/task/41793133/00027db66d--652c7c499404dc38e65d1477	00027db66d--652c6aa1ac0d3c5e4b2bdd97	00027db66d--652c7c499404dc38e65d1477	00027db66d--652c7c499404dc38e65d1475	ff426f2b2ac2718bd095969c22a109d0	APPROVED	2023-10-15T23:56:57.212	2023-10-15T23:57:43.073	2023-10-15T23:57:43.073	0.0300000000
655	1	стесняюсь спросить,а каких методов пропаганды придерживается российский маршал пропаганды, он же человек и многих других определений обладатель????	1	false				https://platform.toloka.ai/task/41793133/00027db66d--652c7c499404dc38e65d1477	00027db66d--652c6aa1ac0d3c5e4b2bddf2	00027db66d--652c7c499404dc38e65d1477	00027db66d--652c7c499404dc38e65d1475	ff426f2b2ac2718bd095969c22a109d0	APPROVED	2023-10-15T23:56:57.212	2023-10-15T23:57:43.073	2023-10-15T23:57:43.073	0.0300000000
7	1	Найти и пусть отвечает за свои поступки	1	false				https://platform.toloka.ai/task/41793133/00027db66d--652c7c57a8ebdc7126d4293b	00027db66d--652c6a9aac0d3c5e4b2bd8a2	00027db66d--652c7c57a8ebdc7126d4293b	00027db66d--652c7c57a8ebdc7126d42937	e9bbcd543d9bb2095be042a482fe43e8	APPROVED	2023-10-15T23:57:11.820	2023-10-15T23:58:46.927	2023-10-15T23:58:46.927	0.0300000000
13	control	Админы, вы ненормальные из 500 прокруток не одного рейда что за правила нехорошие надо выходить из игры	1	false	false			https://platform.toloka.ai/task/41793133/00027db66d--652c7c57a8ebdc7126d4293b	00027db66d--652c699d593a5b043e0227a3	00027db66d--652c7c57a8ebdc7126d4293b	00027db66d--652c7c57a8ebdc7126d42937	e9bbcd543d9bb2095be042a482fe43e8	APPROVED	2023-10-15T23:57:11.820	2023-10-15T23:58:46.927	2023-10-15T23:58:46.927	0.0300000000
610	1	Послушай, почему сразу оскорбляешь?	1	false				https://platform.toloka.ai/task/41793133/00027db66d--652c7c57a8ebdc7126d4293b	00027db66d--652c6aa1ac0d3c5e4b2bdd97	00027db66d--652c7c57a8ebdc7126d4293b	00027db66d--652c7c57a8ebdc7126d42937	e9bbcd543d9bb2095be042a482fe43e8	APPROVED	2023-10-15T23:57:11.820	2023-10-15T23:58:46.927	2023-10-15T23:58:46.927	0.0300000000
384	1	Канада пристанище украинцев, не удивительно ,что они Россию недолюбливают.	1	false				https://platform.toloka.ai/task/41793133/00027db66d--652c7c784f14b96d9b22407d	00027db66d--652c6a9eac0d3c5e4b2bdbce	00027db66d--652c7c784f14b96d9b22407d	00027db66d--652c7c784f14b96d9b22407a	ff426f2b2ac2718bd095969c22a109d0	APPROVED	2023-10-15T23:57:44.648	2023-10-15T23:58:21.210	2023-10-15T23:58:21.210	0.0300000000
36	control	а кто сейчас? лайкаем/гавкаем/во что превратили и сами превратились! бабки,бабло! их не заберешь на другую чторону,но спросят!	1	true	false			https://platform.toloka.ai/task/41793133/00027db66d--652c7c784f14b96d9b22407d	00027db66d--652c699e593a5b043e0227d1	00027db66d--652c7c784f14b96d9b22407d	00027db66d--652c7c784f14b96d9b22407a	ff426f2b2ac2718bd095969c22a109d0	APPROVED	2023-10-15T23:57:44.648	2023-10-15T23:58:21.210	2023-10-15T23:58:21.210	0.0300000000
313	1	Хочешь я проведу с тобой ночь?	1	false				https://platform.toloka.ai/task/41793133/00027db66d--652c7c784f14b96d9b22407d	00027db66d--652c6a9dac0d3c5e4b2bdb2e	00027db66d--652c7c784f14b96d9b22407d	00027db66d--652c7c784f14b96d9b22407a	ff426f2b2ac2718bd095969c22a109d0	APPROVED	2023-10-15T23:57:44.648	2023-10-15T23:58:21.210	2023-10-15T23:58:21.210	0.0300000000
30	control	Смотрите украинцы, не обнаглейте!	1	true	false			https://platform.toloka.ai/task/41793133/00027db66d--652c7c9e67632923dd60c563	00027db66d--652c699d593a5b043e0227c5	00027db66d--652c7c9e67632923dd60c563	00027db66d--652c7c9e67632923dd60c55e	ff426f2b2ac2718bd095969c22a109d0	APPROVED	2023-10-15T23:58:22.711	2023-10-15T23:59:07.095	2023-10-15T23:59:07.095	0.0300000000
274	1	вам инет все простит.глумись дальше	1	false				https://platform.toloka.ai/task/41793133/00027db66d--652c7c9e67632923dd60c563	00027db66d--652c6a9dac0d3c5e4b2bdadc	00027db66d--652c7c9e67632923dd60c563	00027db66d--652c7c9e67632923dd60c55e	ff426f2b2ac2718bd095969c22a109d0	APPROVED	2023-10-15T23:58:22.711	2023-10-15T23:59:07.095	2023-10-15T23:59:07.095	0.0300000000
449	1	Хорошее фото! Скоро глупые люди будут про радугу спорить или уже спорят	1	false				https://platform.toloka.ai/task/41793133/00027db66d--652c7c9e67632923dd60c563	00027db66d--652c6a9fac0d3c5e4b2bdc52	00027db66d--652c7c9e67632923dd60c563	00027db66d--652c7c9e67632923dd60c55e	ff426f2b2ac2718bd095969c22a109d0	APPROVED	2023-10-15T23:58:22.711	2023-10-15T23:59:07.095	2023-10-15T23:59:07.095	0.0300000000
714	1	Прогонять их надо толку нету от них	1	false				https://platform.toloka.ai/task/41793133/00027db66d--652c7caae013ff63cfef9444	00027db66d--652c6aa2ac0d3c5e4b2bde6a	00027db66d--652c7caae013ff63cfef9444	00027db66d--652c7caae013ff63cfef9441	6172cce8a382906f77a3d64bafdd3a27	APPROVED	2023-10-15T23:58:34.231	2023-10-15T23:58:53.287	2023-10-15T23:58:53.287	0.0300000000
7	1	Найти и пусть отвечает за свои поступки	1	false				https://platform.toloka.ai/task/41793133/00027db66d--652c7caae013ff63cfef9444	00027db66d--652c6a9aac0d3c5e4b2bd8a2	00027db66d--652c7caae013ff63cfef9444	00027db66d--652c7caae013ff63cfef9441	6172cce8a382906f77a3d64bafdd3a27	APPROVED	2023-10-15T23:58:34.231	2023-10-15T23:58:53.287	2023-10-15T23:58:53.287	0.0300000000
39	control	Надо было развернуться и наказать этих людей	1	false	false			https://platform.toloka.ai/task/41793133/00027db66d--652c7caae013ff63cfef9444	00027db66d--652c699e593a5b043e0227d7	00027db66d--652c7caae013ff63cfef9444	00027db66d--652c7caae013ff63cfef9441	6172cce8a382906f77a3d64bafdd3a27	APPROVED	2023-10-15T23:58:34.231	2023-10-15T23:58:53.287	2023-10-15T23:58:53.287	0.0300000000
648	1	При фотографе он трогает сульшера,представьте что там без фотографа происходит	1	false				https://platform.toloka.ai/task/41793133/00027db66d--652c7cae4f14b96d9b224a54	00027db66d--652c6aa1ac0d3c5e4b2bdde4	00027db66d--652c7cae4f14b96d9b224a54	00027db66d--652c7cae4f14b96d9b224a52	ead3cec0686a09fa68eb5e823db5bc1e	APPROVED	2023-10-15T23:58:38.620	2023-10-15T23:59:32.477	2023-10-15T23:59:32.477	0.0300000000
384	1	Канада пристанище украинцев, не удивительно ,что они Россию недолюбливают.	1	false				https://platform.toloka.ai/task/41793133/00027db66d--652c7cae4f14b96d9b224a54	00027db66d--652c6a9eac0d3c5e4b2bdbce	00027db66d--652c7cae4f14b96d9b224a54	00027db66d--652c7cae4f14b96d9b224a52	ead3cec0686a09fa68eb5e823db5bc1e	APPROVED	2023-10-15T23:58:38.620	2023-10-15T23:59:32.477	2023-10-15T23:59:32.477	0.0300000000
36	control	а кто сейчас? лайкаем/гавкаем/во что превратили и сами превратились! бабки,бабло! их не заберешь на другую чторону,но спросят!	1	true	false			https://platform.toloka.ai/task/41793133/00027db66d--652c7cae4f14b96d9b224a54	00027db66d--652c699e593a5b043e0227d1	00027db66d--652c7cae4f14b96d9b224a54	00027db66d--652c7cae4f14b96d9b224a52	ead3cec0686a09fa68eb5e823db5bc1e	APPROVED	2023-10-15T23:58:38.620	2023-10-15T23:59:32.477	2023-10-15T23:59:32.477	0.0300000000
139	1	это же  баскова тесть.ну и семейка.обалдеть.	1	false				https://platform.toloka.ai/task/41793133/00027db66d--652c7cba4f14b96d9b224cdf	00027db66d--652c6a9bac0d3c5e4b2bd9b6	00027db66d--652c7cba4f14b96d9b224cdf	00027db66d--652c7cba4f14b96d9b224cd9	e9bbcd543d9bb2095be042a482fe43e8	APPROVED	2023-10-15T23:58:50.300	2023-10-16T00:00:35.569	2023-10-16T00:00:35.569	0.0300000000
449	1	Хорошее фото! Скоро глупые люди будут про радугу спорить или уже спорят	1	true				https://platform.toloka.ai/task/41793133/00027db66d--652c7cba4f14b96d9b224cdf	00027db66d--652c6a9fac0d3c5e4b2bdc52	00027db66d--652c7cba4f14b96d9b224cdf	00027db66d--652c7cba4f14b96d9b224cd9	e9bbcd543d9bb2095be042a482fe43e8	APPROVED	2023-10-15T23:58:50.300	2023-10-16T00:00:35.569	2023-10-16T00:00:35.569	0.0300000000
17	control	Возраст подняли нам... А ноешь ты.. Ну а вам еще поднимут,но вы не доживете	1	false	false			https://platform.toloka.ai/task/41793133/00027db66d--652c7cba4f14b96d9b224cdf	00027db66d--652c699d593a5b043e0227ab	00027db66d--652c7cba4f14b96d9b224cdf	00027db66d--652c7cba4f14b96d9b224cd9	e9bbcd543d9bb2095be042a482fe43e8	APPROVED	2023-10-15T23:58:50.300	2023-10-16T00:00:35.569	2023-10-16T00:00:35.569	0.0300000000
15	1	добили пару головастиков и испугались.	1	false				https://platform.toloka.ai/task/41793133/00027db66d--652c7cd74f14b96d9b2252ce	00027db66d--652c6a9aac0d3c5e4b2bd8b2	00027db66d--652c7cd74f14b96d9b2252ce	00027db66d--652c7cd64f14b96d9b2252cc	6172cce8a382906f77a3d64bafdd3a27	APPROVED	2023-10-15T23:59:19.014	2023-10-15T23:59:37.635	2023-10-15T23:59:37.635	0.0300000000
16	control	а такие как ты изображают из себя рэмбов	1	false	false			https://platform.toloka.ai/task/41793133/00027db66d--652c7cd74f14b96d9b2252ce	00027db66d--652c699d593a5b043e0227a9	00027db66d--652c7cd74f14b96d9b2252ce	00027db66d--652c7cd64f14b96d9b2252cc	6172cce8a382906f77a3d64bafdd3a27	APPROVED	2023-10-15T23:59:19.014	2023-10-15T23:59:37.635	2023-10-15T23:59:37.635	0.0300000000
